Account Number,Post Date,Check,Description,Debit,Credit,Status,Balance
"XXXXXX9750",4/16/2026,,"Wire Transfer Fee",30.00,,Posted,5023.81
"XXXXXX9750",4/16/2026,,"WIRE TRANSFER REF NUMBER = 002530                                 0",500.00,,Posted,5053.81
"XXXXXX9750",4/1/2026,,"FCB FUNDS TRANSFER FROM  X2504",,250.00,Posted,5553.81
"XXXXXX9750",3/23/2026,,"FCB FUNDS TRANSFER FROM  X3945",,4500.00,Posted,5303.81
"XXXXXX9750",3/2/2026,,"FCB FUNDS TRANSFER TO  X7703",1421.55,,Posted,803.81
"XXXXXX9750",3/2/2026,,"FCB FUNDS TRANSFER TO  X7703",1230.15,,Posted,2225.36
"XXXXXX9750",3/2/2026,,"FCB FUNDS TRANSFER FROM  X2504",,250.00,Posted,3455.51
"XXXXXX9750",2/2/2026,,"FCB FUNDS TRANSFER TO  X7703",578.75,,Posted,3205.51
"XXXXXX9750",2/2/2026,,"FCB FUNDS TRANSFER TO  X7703",92.41,,Posted,3784.26
"XXXXXX9750",2/2/2026,,"FCB FUNDS TRANSFER FROM  X2504",,250.00,Posted,3876.67
"XXXXXX9750",1/26/2026,,"FCB FUNDS TRANSFER TO  X2504",36.00,,Posted,3626.67
"XXXXXX9750",1/20/2026,,"FDR DEBIT CARD VISA DEBIT FOREIGN TRANSACTION FEE MEET ME 23 CZ",1.92,,Posted,3662.67
"XXXXXX9750",1/20/2026,,"POS SIG 01/19 VISA #3333 MEET ME 23 Praha 1 CZ",95.79,,Posted,3664.59
"XXXXXX9750",1/9/2026,,"FDR DEBIT CARD VISA DEBIT FOREIGN TRANSACTION FEE GELATERIA ROM IT",.12,,Posted,3760.38
"XXXXXX9750",1/9/2026,,"POS SIG 01/08 VISA #3333 GELATERIA ROMANA PADOVA IT",5.85,,Posted,3760.50
"XXXXXX9750",1/2/2026,,"FCB FUNDS TRANSFER TO  X7703",74.79,,Posted,3766.35
"XXXXXX9750",1/2/2026,,"FCB FUNDS TRANSFER TO  X7703",34.60,,Posted,3841.14
"XXXXXX9750",1/2/2026,,"FCB FUNDS TRANSFER FROM  X2504",,250.00,Posted,3875.74
"XXXXXX9750",12/29/2025,,"FCB FUNDS TRANSFER FROM  X2504",,2000.00,Posted,3625.74
"XXXXXX9750",12/19/2025,,"FDR DEBIT CARD VISA DEBIT FOREIGN TRANSACTION FEE ASPIAG SERVIC IT",.78,,Posted,1625.74
"XXXXXX9750",12/19/2025,,"FDR DEBIT CARD VISA DEBIT FOREIGN TRANSACTION FEE WWW.WEBTIC.IT IT",.22,,Posted,1626.52
"XXXXXX9750",12/19/2025,,"FDR DEBIT CARD VISA DEBIT FOREIGN TRANSACTION FEE CINEMA PORTO IT",.21,,Posted,1626.74
"XXXXXX9750",12/19/2025,,"POS SIG 12/18 VISA #3333 ASPIAG SERVICE S.R.L. PADOVA IT",38.82,,Posted,1626.95
"XXXXXX9750",12/19/2025,,"POS SIG 12/18 VISA #3333 WWW.WEBTIC.IT PADOVA IT",11.17,,Posted,1665.77
"XXXXXX9750",12/19/2025,,"POS SIG 12/18 VISA #3333 CINEMA PORTO ASTRA PADOVA IT",10.58,,Posted,1676.94
"XXXXXX9750",12/18/2025,,"FDR DEBIT CARD VISA DEBIT FOREIGN TRANSACTION FEE Nuova istanbu IT",.26,,Posted,1687.52
"XXXXXX9750",12/18/2025,,"FDR DEBIT CARD VISA DEBIT FOREIGN TRANSACTION FEE GRUPPO ARGENT IT",.01,,Posted,1687.78
"XXXXXX9750",12/18/2025,,"POS SIG 12/17 VISA #3333 Nuova istanbul kebap p Padova IT",12.99,,Posted,1687.79
"XXXXXX9750",12/18/2025,,"POS SIG 12/17 VISA #3333 GRUPPO ARGENTA S.P.A. REGGIO EMILIA IT",.47,,Posted,1700.78
"XXXXXX9750",12/15/2025,,"FDR DEBIT CARD VISA DEBIT FOREIGN TRANSACTION FEE IPER ROSSETTO IT",.78,,Posted,1701.25
"XXXXXX9750",12/15/2025,,"FDR DEBIT CARD VISA DEBIT FOREIGN TRANSACTION FEE ATTIMI SUSHI IT",.77,,Posted,1702.03
"XXXXXX9750",12/15/2025,,"FDR DEBIT CARD VISA DEBIT FOREIGN TRANSACTION FEE THE BIG BANG IT",.14,,Posted,1702.80
"XXXXXX9750",12/15/2025,,"FDR DEBIT CARD VISA DEBIT FOREIGN TRANSACTION FEE GRUPPO ARGENT IT",.01,,Posted,1702.94
"XXXXXX9750",12/15/2025,,"POS SIG 12/13 VISA #3333 IPER ROSSETTO PADOVA IT",38.93,,Posted,1702.95
"XXXXXX9750",12/15/2025,,"POS SIG 12/12 VISA #3333 ATTIMI SUSHI PADOVA IT",38.70,,Posted,1741.88
"XXXXXX9750",12/15/2025,,"POS SIG 12/12 VISA #3333 THE BIG BANG PIZZA PADOVA IT",7.06,,Posted,1780.58
"XXXXXX9750",12/15/2025,,"POS SIG 12/12 VISA #3333 GRUPPO ARGENTA S.P.A. REGGIO EMILIA IT",.47,,Posted,1787.64
"XXXXXX9750",12/11/2025,,"FDR DEBIT CARD VISA DEBIT FOREIGN TRANSACTION FEE GRUPPO ARGENT IT",.01,,Posted,1788.11
"XXXXXX9750",12/11/2025,,"POS SIG 12/10 VISA #3333 GRUPPO ARGENTA S.P.A. REGGIO EMILIA IT",.47,,Posted,1788.12
"XXXXXX9750",12/10/2025,,"FDR DEBIT CARD VISA DEBIT FOREIGN TRANSACTION FEE Cenedese Marg IT",.35,,Posted,1788.59
"XXXXXX9750",12/10/2025,,"FDR DEBIT CARD VISA DEBIT FOREIGN TRANSACTION FEE EL TAMISO SOT IT",.20,,Posted,1788.94
"XXXXXX9750",12/10/2025,,"FDR DEBIT CARD VISA DEBIT FOREIGN TRANSACTION FEE GRUPPO ARGENT IT",.01,,Posted,1789.14
"XXXXXX9750",12/10/2025,,"POS SIG 12/09 VISA #3333 Cenedese Margherita Padova IT",17.51,,Posted,1789.15
"XXXXXX9750",12/10/2025,,"POS SIG 12/09 VISA #3333 EL TAMISO SOTTO SALONE PADOVA IT",9.92,,Posted,1806.66
"XXXXXX9750",12/10/2025,,"POS SIG 12/09 VISA #3333 GRUPPO ARGENTA S.P.A. REGGIO EMILIA IT",.47,,Posted,1816.58
"XXXXXX9750",12/9/2025,,"FID BKG SVC LLC MONEYLINE Z****1268 NNKJK",5000.00,,Posted,1817.05
"XXXXXX9750",12/9/2025,,"POS SIG 12/08 VISA #3333 FS *SUPERCELLSTORE fsprg.com CA",25.62,,Posted,6817.05
"XXXXXX9750",12/8/2025,,"FDR DEBIT CARD VISA DEBIT FOREIGN TRANSACTION FEE LA FOLPERIA IT",.38,,Posted,6842.67
"XXXXXX9750",12/8/2025,,"FDR DEBIT CARD VISA DEBIT FOREIGN TRANSACTION FEE LUCE VINTAGE IT",.35,,Posted,6843.05
"XXXXXX9750",12/8/2025,,"FDR DEBIT CARD VISA DEBIT FOREIGN TRANSACTION FEE VIOLA NICOLA IT",.23,,Posted,6843.40
"XXXXXX9750",12/8/2025,,"FDR DEBIT CARD VISA DEBIT FOREIGN TRANSACTION FEE AGATINO SICIL IT",.17,,Posted,6843.63
"XXXXXX9750",12/8/2025,,"FDR DEBIT CARD VISA DEBIT FOREIGN TRANSACTION FEE OTIVM PADOVA IT",.14,,Posted,6843.80
"XXXXXX9750",12/8/2025,,"POS SIG 12/05 VISA #3333 LA FOLPERIA LEGNARO IT",19.04,,Posted,6843.94
"XXXXXX9750",12/8/2025,,"POS SIG 12/05 VISA #3333 LUCE VINTAGE PADOVA IT",17.53,,Posted,6862.98
"XXXXXX9750",12/8/2025,,"POS SIG 12/05 VISA #3333 VIOLA NICOLA PADOVA IT",11.68,,Posted,6880.51
"XXXXXX9750",12/8/2025,,"POS SIG 12/06 VISA #3333 AGATINO SICILIANO CONSELVE IT",8.29,,Posted,6892.19
"XXXXXX9750",12/8/2025,,"POS SIG 12/06 VISA #3333 OTIVM PADOVA PADOVA IT",6.83,,Posted,6900.48
"XXXXXX9750",12/4/2025,,"FDR DEBIT CARD VISA DEBIT FOREIGN TRANSACTION FEE GELATERIA ROM IT",.09,,Posted,6907.31
"XXXXXX9750",12/4/2025,,"FDR DEBIT CARD VISA DEBIT FOREIGN TRANSACTION FEE GRUPPO ARGENT IT",.01,,Posted,6907.40
"XXXXXX9750",12/4/2025,,"POS SIG 12/03 VISA #3333 GELATERIA ROMANA PADOVA IT",4.65,,Posted,6907.41
"XXXXXX9750",12/4/2025,,"POS SIG 12/03 VISA #3333 GRUPPO ARGENTA S.P.A. REGGIO EMILIA IT",.47,,Posted,6912.06
"XXXXXX9750",12/3/2025,,"FDR DEBIT CARD VISA DEBIT FOREIGN TRANSACTION FEE GRUPPO ARGENT IT",.01,,Posted,6912.53
"XXXXXX9750",12/3/2025,,"POS SIG 12/02 VISA #3333 GRUPPO ARGENTA S.P.A. REGGIO EMILIA IT",.47,,Posted,6912.54
"XXXXXX9750",12/2/2025,,"FDR DEBIT CARD VISA DEBIT FOREIGN TRANSACTION FEE GRUPPO ARGENT IT",.01,,Posted,6913.01
"XXXXXX9750",12/2/2025,,"POS SIG 12/01 VISA #3333 GRUPPO ARGENTA S.P.A. REGGIO EMILIA IT",.46,,Posted,6913.02
"XXXXXX9750",12/1/2025,,"FDR DEBIT CARD VISA DEBIT FOREIGN TRANSACTION FEE MB PARRUCCHIE IT",.46,,Posted,6913.48
"XXXXXX9750",12/1/2025,,"FDR DEBIT CARD VISA DEBIT FOREIGN TRANSACTION FEE GRUPPO ARGENT IT",.01,,Posted,6913.94
"XXXXXX9750",12/1/2025,,"POS SIG 11/28 VISA #3333 MB PARRUCCHIERI PADOVA IT",23.23,,Posted,6913.95
"XXXXXX9750",12/1/2025,,"POS SIG 11/28 VISA #3333 GRUPPO ARGENTA S.P.A. REGGIO EMILIA IT",.46,,Posted,6937.18
"XXXXXX9750",12/1/2025,,"FCB FUNDS TRANSFER FROM  X2504",,250.00,Posted,6937.64
"XXXXXX9750",12/1/2025,,"FCB FUNDS TRANSFER FROM  X2504",,40.00,Posted,6687.64
"XXXXXX9750",11/28/2025,,"FDR DEBIT CARD VISA DEBIT FOREIGN TRANSACTION FEE ALIBABA E I 4 IT",.14,,Posted,6647.64
"XXXXXX9750",11/28/2025,,"FDR DEBIT CARD VISA DEBIT FOREIGN TRANSACTION FEE THE BIG BANG IT",.14,,Posted,6647.78
"XXXXXX9750",11/28/2025,,"FDR DEBIT CARD VISA DEBIT FOREIGN TRANSACTION FEE GRUPPO ARGENT IT",.01,,Posted,6647.92
"XXXXXX9750",11/28/2025,,"FDR DEBIT CARD VISA DEBIT FOREIGN TRANSACTION FEE GRUPPO ARGENT IT",.01,,Posted,6647.93
"XXXXXX9750",11/28/2025,,"FDR DEBIT CARD VISA DEBIT FOREIGN TRANSACTION FEE GRUPPO ARGENT IT",.01,,Posted,6647.94
"XXXXXX9750",11/28/2025,,"FDR DEBIT CARD VISA DEBIT FOREIGN TRANSACTION FEE GRUPPO ARGENT IT",.01,,Posted,6647.95
"XXXXXX9750",11/28/2025,,"POS SIG 11/27 VISA #3333 THE BIG BANG PIZZA PADOVA IT",6.96,,Posted,6647.96
"XXXXXX9750",11/28/2025,,"POS SIG 11/26 VISA #3333 ALIBABA E I 40 PANINI PADOVA IT",6.95,,Posted,6654.92
"XXXXXX9750",11/28/2025,,"POS SIG 11/26 VISA #3333 GRUPPO ARGENTA S.P.A. REGGIO EMILIA IT",.46,,Posted,6661.87
"XXXXXX9750",11/28/2025,,"POS SIG 11/26 VISA #3333 GRUPPO ARGENTA S.P.A. REGGIO EMILIA IT",.46,,Posted,6662.33
"XXXXXX9750",11/28/2025,,"POS SIG 11/27 VISA #3333 GRUPPO ARGENTA S.P.A. REGGIO EMILIA IT",.46,,Posted,6662.79
"XXXXXX9750",11/28/2025,,"POS SIG 11/27 VISA #3333 GRUPPO ARGENTA S.P.A. REGGIO EMILIA IT",.46,,Posted,6663.25
"XXXXXX9750",11/28/2025,,"FCB FUNDS TRANSFER FROM  X2504",,5000.00,Posted,6663.71
"XXXXXX9750",11/26/2025,,"FDR DEBIT CARD VISA DEBIT FOREIGN TRANSACTION FEE THE BIG BANG IT",.14,,Posted,1663.71
"XXXXXX9750",11/26/2025,,"FDR DEBIT CARD VISA DEBIT FOREIGN TRANSACTION FEE GELATERIA ROM IT",.12,,Posted,1663.85
"XXXXXX9750",11/26/2025,,"FDR DEBIT CARD VISA DEBIT FOREIGN TRANSACTION FEE GRUPPO ARGENT IT",.01,,Posted,1663.97
"XXXXXX9750",11/26/2025,,"POS SIG 11/25 VISA #3333 THE BIG BANG PIZZA PADOVA IT",6.93,,Posted,1663.98
"XXXXXX9750",11/26/2025,,"POS SIG 11/25 VISA #3333 GELATERIA ROMANA PADOVA IT",5.78,,Posted,1670.91
"XXXXXX9750",11/26/2025,,"POS SIG 11/25 VISA #3333 GRUPPO ARGENTA S.P.A. REGGIO EMILIA IT",.46,,Posted,1676.69
"XXXXXX9750",11/25/2025,,"FDR DEBIT CARD VISA DEBIT FOREIGN TRANSACTION FEE GRUPPO ARGENT IT",.01,,Posted,1677.15
"XXXXXX9750",11/25/2025,,"FDR DEBIT CARD VISA DEBIT FOREIGN TRANSACTION FEE GRUPPO ARGENT IT",.01,,Posted,1677.16
"XXXXXX9750",11/25/2025,,"POS SIG 11/24 VISA #3333 GRUPPO ARGENTA S.P.A. REGGIO EMILIA IT",.46,,Posted,1677.17
"XXXXXX9750",11/25/2025,,"POS SIG 11/24 VISA #3333 GRUPPO ARGENTA S.P.A. REGGIO EMILIA IT",.46,,Posted,1677.63
"XXXXXX9750",11/24/2025,,"FDR DEBIT CARD VISA DEBIT FOREIGN TRANSACTION FEE LA POT IT",.85,,Posted,1678.09
"XXXXXX9750",11/24/2025,,"FDR DEBIT CARD VISA DEBIT FOREIGN TRANSACTION FEE GRUPPO ARGENT IT",.01,,Posted,1678.94
"XXXXXX9750",11/24/2025,,"POS SIG 11/21 VISA #3333 LA POT PADOVA IT",42.62,,Posted,1678.95
"XXXXXX9750",11/24/2025,,"POS SIG 11/21 VISA #3333 GRUPPO ARGENTA S.P.A. REGGIO EMILIA IT",.46,,Posted,1721.57
"XXXXXX9750",11/21/2025,,"FDR DEBIT CARD VISA DEBIT FOREIGN TRANSACTION FEE FARMACIA TOCC IT",.51,,Posted,1722.03
"XXXXXX9750",11/21/2025,,"FDR DEBIT CARD VISA DEBIT FOREIGN TRANSACTION FEE THE BIG BANG IT",.14,,Posted,1722.54
"XXXXXX9750",11/21/2025,,"FDR DEBIT CARD VISA DEBIT FOREIGN TRANSACTION FEE GRUPPO ARGENT IT",.01,,Posted,1722.68
"XXXXXX9750",11/21/2025,,"POS SIG 11/20 VISA #3333 FARMACIA TOCCHETTO PADOVA IT",25.52,,Posted,1722.69
"XXXXXX9750",11/21/2025,,"POS SIG 11/20 VISA #3333 THE BIG BANG PIZZA PADOVA IT",6.96,,Posted,1748.21
"XXXXXX9750",11/21/2025,,"POS SIG 11/20 VISA #3333 GRUPPO ARGENTA S.P.A. REGGIO EMILIA IT",.46,,Posted,1755.17
"XXXXXX9750",11/20/2025,,"FDR DEBIT CARD VISA DEBIT FOREIGN TRANSACTION FEE GRUPPO ARGENT IT",.01,,Posted,1755.63
"XXXXXX9750",11/20/2025,,"POS SIG 11/19 VISA #3333 GRUPPO ARGENTA S.P.A. REGGIO EMILIA IT",.46,,Posted,1755.64
"XXXXXX9750",11/19/2025,,"FDR DEBIT CARD VISA DEBIT FOREIGN TRANSACTION FEE PIZZERIA EREM IT",.47,,Posted,1756.10
"XXXXXX9750",11/19/2025,,"POS SIG 11/18 VISA #3333 PIZZERIA EREMITANI PADOVA IT",23.26,,Posted,1756.57
"XXXXXX9750",11/18/2025,,"FDR DEBIT CARD VISA DEBIT FOREIGN TRANSACTION FEE THE BIG BANG IT",.14,,Posted,1779.83
"XXXXXX9750",11/18/2025,,"FDR DEBIT CARD VISA DEBIT FOREIGN TRANSACTION FEE GRUPPO ARGENT IT",.02,,Posted,1779.97
"XXXXXX9750",11/18/2025,,"POS SIG 11/17 VISA #3333 THE BIG BANG PIZZA PADOVA IT",6.99,,Posted,1779.99
"XXXXXX9750",11/18/2025,,"POS SIG 11/17 VISA #3333 GRUPPO ARGENTA S.P.A. REGGIO EMILIA IT",.82,,Posted,1786.98
"XXXXXX9750",11/17/2025,,"FDR DEBIT CARD VISA DEBIT FOREIGN TRANSACTION FEE TRENITALIA - IT",1.21,,Posted,1787.80
"XXXXXX9750",11/17/2025,,"FDR DEBIT CARD VISA DEBIT FOREIGN TRANSACTION FEE TRENITALIA - IT",1.21,,Posted,1789.01
"XXXXXX9750",11/17/2025,,"FDR DEBIT CARD VISA DEBIT FOREIGN TRANSACTION FEE TRENITALIA - IT",.77,,Posted,1790.22
"XXXXXX9750",11/17/2025,,"FDR DEBIT CARD VISA DEBIT FOREIGN TRANSACTION FEE EBY S SEGUI L IT",.35,,Posted,1790.99
"XXXXXX9750",11/17/2025,,"FDR DEBIT CARD VISA DEBIT FOREIGN TRANSACTION FEE PINE&amp;APPLE IT",.33,,Posted,1791.34
"XXXXXX9750",11/17/2025,,"FDR DEBIT CARD VISA DEBIT FOREIGN TRANSACTION FEE CONAD IT",.20,,Posted,1791.67
"XXXXXX9750",11/17/2025,,"FDR DEBIT CARD VISA DEBIT FOREIGN TRANSACTION FEE TRE MERLI CAF IT",.14,,Posted,1791.87
"XXXXXX9750",11/17/2025,,"FDR DEBIT CARD VISA DEBIT FOREIGN TRANSACTION FEE CAFFE DEL BO IT",.12,,Posted,1792.01
"XXXXXX9750",11/17/2025,,"FDR DEBIT CARD VISA DEBIT FOREIGN TRANSACTION FEE TRE MERLI CAF IT",.09,,Posted,1792.13
"XXXXXX9750",11/17/2025,,"FDR DEBIT CARD VISA DEBIT FOREIGN TRANSACTION FEE KHAN KABIR IT",.09,,Posted,1792.22
"XXXXXX9750",11/17/2025,,"FDR DEBIT CARD VISA DEBIT FOREIGN TRANSACTION FEE GRUPPO ARGENT IT",.01,,Posted,1792.31
"XXXXXX9750",11/17/2025,,"POS SIG 11/15 VISA #3333 PAYPAL *tcabrera Visa Direct CA",68.55,,Posted,1792.32
"XXXXXX9750",11/17/2025,,"POS SIG 11/15 VISA #3333 TRENITALIA - PT WL https://www.t IT",60.61,,Posted,1860.87
"XXXXXX9750",11/17/2025,,"POS SIG 11/16 VISA #3333 TRENITALIA - PT WL https://www.t IT",60.61,,Posted,1921.48
"XXXXXX9750",11/17/2025,,"POS SIG 11/15 VISA #3333 PAYPAL *tcabrera San Jose CA",46.28,,Posted,1982.09
"XXXXXX9750",11/17/2025,,"POS SIG 11/14 VISA #3333 TRENITALIA - PT WL https://www.t IT",38.47,,Posted,2028.37
"XXXXXX9750",11/17/2025,,"POS SIG 11/14 VISA #3333 EBY S SEGUI LA RANA FIRENZE IT",17.49,,Posted,2066.84
"XXXXXX9750",11/17/2025,,"POS SIG 11/16 VISA #3333 PINE&amp;APPLE FIRENZE IT",16.32,,Posted,2084.33
"XXXXXX9750",11/17/2025,,"POS SIG 11/15 VISA #3333 CONAD FIRENZE IT",10.09,,Posted,2100.65
"XXXXXX9750",11/17/2025,,"POS SIG 11/15 VISA #3333 TRE MERLI CAFFE' S.R.L FIRENZE IT",6.76,,Posted,2110.74
"XXXXXX9750",11/17/2025,,"POS SIG 11/16 VISA #3333 CAFFE DEL BORGO FIRENZE IT",5.83,,Posted,2117.50
"XXXXXX9750",11/17/2025,,"POS SIG 11/15 VISA #3333 TRE MERLI CAFFE' S.R.L FIRENZE IT",4.66,,Posted,2123.33
"XXXXXX9750",11/17/2025,,"POS SIG 11/16 VISA #3333 KHAN KABIR FIRENZE IT",4.66,,Posted,2127.99
"XXXXXX9750",11/17/2025,,"POS SIG 11/14 VISA #3333 GRUPPO ARGENTA S.P.A. REGGIO EMILIA IT",.47,,Posted,2132.65
"XXXXXX9750",11/14/2025,,"POS SIG 11/13 VISA #3333 PAYPAL *BLUEMAGPIER 402-935-7733 CA",1.00,,Posted,2133.12
"XXXXXX9750",11/14/2025,,"FDR DEBIT CARD VISA DEBIT FOREIGN TRANSACTION FEE GRUPPO ARGENT IT",.01,,Posted,2134.12
"XXXXXX9750",11/14/2025,,"POS SIG 11/13 VISA #3333 GRUPPO ARGENTA S.P.A. REGGIO EMILIA IT",.46,,Posted,2134.13
"XXXXXX9750",11/13/2025,,"POS SIG 11/12 VISA #3333 PAYPAL *BLUEMAGPIER 402-935-7733 CA",174.00,,Posted,2134.59
"XXXXXX9750",11/12/2025,,"FDR DEBIT CARD VISA DEBIT FOREIGN TRANSACTION FEE LUCE VINTAGE IT",4.87,,Posted,2308.59
"XXXXXX9750",11/12/2025,,"FDR DEBIT CARD VISA DEBIT FOREIGN TRANSACTION FEE VINTAGE STORE IT",1.74,,Posted,2313.46
"XXXXXX9750",11/12/2025,,"FDR DEBIT CARD VISA DEBIT FOREIGN TRANSACTION FEE THE BIG BANG IT",.17,,Posted,2315.20
"XXXXXX9750",11/12/2025,,"FDR DEBIT CARD VISA DEBIT FOREIGN TRANSACTION FEE GRUPPO ARGENT IT",.01,,Posted,2315.37
"XXXXXX9750",11/12/2025,,"FDR DEBIT CARD VISA DEBIT FOREIGN TRANSACTION FEE GRUPPO ARGENT IT",.01,,Posted,2315.38
"XXXXXX9750",11/12/2025,,"POS SIG 11/11 VISA #3333 LUCE VINTAGE PADOVA IT",243.29,,Posted,2315.39
"XXXXXX9750",11/12/2025,,"POS SIG 11/11 VISA #3333 VINTAGE STORE PADOVA IT",86.89,,Posted,2558.68
"XXXXXX9750",11/12/2025,,"POS SIG 11/10 VISA #3333 THE BIG BANG PIZZA PADOVA IT",8.69,,Posted,2645.57
"XXXXXX9750",11/12/2025,,"POS SIG 11/10 VISA #3333 GRUPPO ARGENTA S.P.A. REGGIO EMILIA IT",.46,,Posted,2654.26
"XXXXXX9750",11/12/2025,,"POS SIG 11/11 VISA #3333 GRUPPO ARGENTA S.P.A. REGGIO EMILIA IT",.46,,Posted,2654.72
"XXXXXX9750",11/10/2025,,"FDR DEBIT CARD VISA DEBIT FOREIGN TRANSACTION FEE TRENITALIA - IT",.70,,Posted,2655.18
"XXXXXX9750",11/10/2025,,"FDR DEBIT CARD VISA DEBIT FOREIGN TRANSACTION FEE 051 OSTERIA D IT",.60,,Posted,2655.88
"XXXXXX9750",11/10/2025,,"FDR DEBIT CARD VISA DEBIT FOREIGN TRANSACTION FEE 051 OSTERIA D IT",.56,,Posted,2656.48
"XXXXXX9750",11/10/2025,,"FDR DEBIT CARD VISA DEBIT FOREIGN TRANSACTION FEE TRATTORIA ANN IT",.51,,Posted,2657.04
"XXXXXX9750",11/10/2025,,"FDR DEBIT CARD VISA DEBIT FOREIGN TRANSACTION FEE AZ. A. LA MAS IT",.26,,Posted,2657.55
"XXXXXX9750",11/10/2025,,"FDR DEBIT CARD VISA DEBIT FOREIGN TRANSACTION FEE STRINGHETTO S IT",.24,,Posted,2657.81
"XXXXXX9750",11/10/2025,,"FDR DEBIT CARD VISA DEBIT FOREIGN TRANSACTION FEE FRANZONI FRAT IT",.23,,Posted,2658.05
"XXXXXX9750",11/10/2025,,"FDR DEBIT CARD VISA DEBIT FOREIGN TRANSACTION FEE RUSTICHELLI &amp; IT",.16,,Posted,2658.28
"XXXXXX9750",11/10/2025,,"FDR DEBIT CARD VISA DEBIT FOREIGN TRANSACTION FEE CAFFE ZANARIN IT",.15,,Posted,2658.44
"XXXXXX9750",11/10/2025,,"FDR DEBIT CARD VISA DEBIT FOREIGN TRANSACTION FEE LA NOSTRA BOL IT",.07,,Posted,2658.59
"XXXXXX9750",11/10/2025,,"FDR DEBIT CARD VISA DEBIT FOREIGN TRANSACTION FEE PIANO PIANO S IT",.06,,Posted,2658.66
"XXXXXX9750",11/10/2025,,"FDR DEBIT CARD VISA DEBIT FOREIGN TRANSACTION FEE SumUp *Aless IT",.05,,Posted,2658.72
"XXXXXX9750",11/10/2025,,"FDR DEBIT CARD VISA DEBIT FOREIGN TRANSACTION FEE GRUPPO ARGENT IT",.01,,Posted,2658.77
"XXXXXX9750",11/10/2025,,"POS SIG 11/09 VISA #3333 TRENITALIA - PT WL https://www.t IT",34.78,,Posted,2658.78
"XXXXXX9750",11/10/2025,,"POS SIG 11/08 VISA #3333 051 OSTERIA DEL MERCAT BOLOGNA IT",30.14,,Posted,2693.56
"XXXXXX9750",11/10/2025,,"POS SIG 11/09 VISA #3333 051 OSTERIA DEL MERCAT BOLOGNA IT",27.82,,Posted,2723.70
"XXXXXX9750",11/10/2025,,"POS SIG 11/08 VISA #3333 TRATTORIA ANNAMARIA BOLOGNA IT",25.50,,Posted,2751.52
"XXXXXX9750",11/10/2025,,"POS SIG 11/08 VISA #3333 AZ. A. LA MASCIONARA PIZZOLI IT",12.75,,Posted,2777.02
"XXXXXX9750",11/10/2025,,"POS SIG 11/08 VISA #3333 STRINGHETTO SRL LEGNAGO IT",11.82,,Posted,2789.77
"XXXXXX9750",11/10/2025,,"POS SIG 11/09 VISA #3333 FRANZONI FRATELLI SS S TORBOLE CASAG IT",11.59,,Posted,2801.59
"XXXXXX9750",11/10/2025,,"POS SIG 11/08 VISA #3333 RUSTICHELLI &amp; MANGIONE PADOVA IT",8.00,,Posted,2813.18
"XXXXXX9750",11/10/2025,,"POS SIG 11/09 VISA #3333 CAFFE ZANARINI BOLOGNA IT",7.53,,Posted,2821.18
"XXXXXX9750",11/10/2025,,"POS SIG 11/08 VISA #3333 LA NOSTRA BOLOGNA BOLOGNA IT",3.48,,Posted,2828.71
"XXXXXX9750",11/10/2025,,"POS SIG 11/08 VISA #3333 PIANO PIANO SRLS BOLOGNA IT",2.90,,Posted,2832.19
"XXXXXX9750",11/10/2025,,"POS SIG 11/08 VISA #3333 SumUp *Alessandro Pal Bologna IT",2.32,,Posted,2835.09
"XXXXXX9750",11/10/2025,,"POS SIG 11/07 VISA #3333 GRUPPO ARGENTA S.P.A. REGGIO EMILIA IT",.46,,Posted,2837.41
"XXXXXX9750",11/7/2025,,"FDR DEBIT CARD VISA DEBIT FOREIGN TRANSACTION FEE TIGOTA' IT",.20,,Posted,2837.87
"XXXXXX9750",11/7/2025,,"FDR DEBIT CARD VISA DEBIT FOREIGN TRANSACTION FEE THE BIG BANG IT",.14,,Posted,2838.07
"XXXXXX9750",11/7/2025,,"FDR DEBIT CARD VISA DEBIT FOREIGN TRANSACTION FEE GRUPPO ARGENT IT",.01,,Posted,2838.21
"XXXXXX9750",11/7/2025,,"POS SIG 11/06 VISA #3333 TIGOTA' PADOVA IT",10.01,,Posted,2838.22
"XXXXXX9750",11/7/2025,,"POS SIG 11/06 VISA #3333 THE BIG BANG PIZZA PADOVA IT",6.90,,Posted,2848.23
"XXXXXX9750",11/7/2025,,"POS SIG 11/06 VISA #3333 GRUPPO ARGENTA S.P.A. REGGIO EMILIA IT",.46,,Posted,2855.13
"XXXXXX9750",11/6/2025,,"FDR DEBIT CARD VISA DEBIT FOREIGN TRANSACTION FEE GRUPPO ARGENT IT",.01,,Posted,2855.59
"XXXXXX9750",11/6/2025,,"POS SIG 11/05 VISA #3333 GRUPPO ARGENTA S.P.A. REGGIO EMILIA IT",.46,,Posted,2855.60
"XXXXXX9750",11/5/2025,,"FDR DEBIT CARD VISA DEBIT FOREIGN TRANSACTION FEE GRUPPO ARGENT IT",.01,,Posted,2856.06
"XXXXXX9750",11/5/2025,,"POS SIG 11/04 VISA #3333 GRUPPO ARGENTA S.P.A. REGGIO EMILIA IT",.46,,Posted,2856.07
"XXXXXX9750",11/4/2025,,"FDR DEBIT CARD VISA DEBIT FOREIGN TRANSACTION FEE GRUPPO ARGENT IT",.01,,Posted,2856.53
"XXXXXX9750",11/4/2025,,"POS SIG 11/03 VISA #3333 GRUPPO ARGENTA S.P.A. REGGIO EMILIA IT",.46,,Posted,2856.54
"XXXXXX9750",11/3/2025,,"FDR DEBIT CARD VISA DEBIT FOREIGN TRANSACTION FEE CO CO SAS DI IT",.42,,Posted,2857.00
"XXXXXX9750",11/3/2025,,"FDR DEBIT CARD VISA DEBIT FOREIGN TRANSACTION FEE LEONCINI IT",.35,,Posted,2857.42
"XXXXXX9750",11/3/2025,,"FDR DEBIT CARD VISA DEBIT FOREIGN TRANSACTION FEE TRENITALIA - IT",.30,,Posted,2857.77
"XXXXXX9750",11/3/2025,,"FDR DEBIT CARD VISA DEBIT FOREIGN TRANSACTION FEE MERCATONE DI IT",.25,,Posted,2858.07
"XXXXXX9750",11/3/2025,,"FDR DEBIT CARD VISA DEBIT FOREIGN TRANSACTION FEE CIOCCOLATERIA IT",.23,,Posted,2858.32
"XXXXXX9750",11/3/2025,,"FDR DEBIT CARD VISA DEBIT FOREIGN TRANSACTION FEE LE DELIZIE DE IT",.19,,Posted,2858.55
"XXXXXX9750",11/3/2025,,"FDR DEBIT CARD VISA DEBIT FOREIGN TRANSACTION FEE SumUp *Pasti IT",.17,,Posted,2858.74
"XXXXXX9750",11/3/2025,,"FDR DEBIT CARD VISA DEBIT FOREIGN TRANSACTION FEE MUSEO CIVICO IT",.12,,Posted,2858.91
"XXXXXX9750",11/3/2025,,"FDR DEBIT CARD VISA DEBIT FOREIGN TRANSACTION FEE PUNTO D'INCON IT",.09,,Posted,2859.03
"XXXXXX9750",11/3/2025,,"FDR DEBIT CARD VISA DEBIT FOREIGN TRANSACTION FEE GRUPPO ARGENT IT",.01,,Posted,2859.12
"XXXXXX9750",11/3/2025,,"POS SIG 10/31 VISA #3333 CO CO SAS DI LI XIANGY BASSANO DEL G IT",21.18,,Posted,2859.13
"XXXXXX9750",11/3/2025,,"POS SIG 11/01 VISA #3333 LEONCINI BASSANO DEL G IT",17.37,,Posted,2880.31
"XXXXXX9750",11/3/2025,,"POS SIG 10/31 VISA #3333 TRENITALIA - PT WL https://www.t IT",15.13,,Posted,2897.68
"XXXXXX9750",11/3/2025,,"POS SIG 10/31 VISA #3333 MERCATONE DI CHEN SIEN PADOVA IT",12.57,,Posted,2912.81
"XXXXXX9750",11/3/2025,,"POS SIG 11/01 VISA #3333 CIOCCOLATERIA MAGNA GR GROTTERIA IT",11.58,,Posted,2925.38
"XXXXXX9750",11/3/2025,,"POS SIG 11/01 VISA #3333 LE DELIZIE DELL'ALVEAR PIAN CAMUNO IT",9.26,,Posted,2936.96
"XXXXXX9750",11/3/2025,,"POS SIG 11/01 VISA #3333 SumUp *Pasticceria Be Fossano IT",8.34,,Posted,2946.22
"XXXXXX9750",11/3/2025,,"POS SIG 11/01 VISA #3333 MUSEO CIVICO COM.BASS. BASSANO DEL G IT",5.79,,Posted,2954.56
"XXXXXX9750",11/3/2025,,"POS SIG 11/01 VISA #3333 PUNTO D'INCONTRO BASSANO DEL G IT",4.40,,Posted,2960.35
"XXXXXX9750",11/3/2025,,"POS SIG 10/31 VISA #3333 GRUPPO ARGENTA S.P.A. REGGIO EMILIA IT",.47,,Posted,2964.75
"XXXXXX9750",10/31/2025,,"FDR DEBIT CARD VISA DEBIT FOREIGN TRANSACTION FEE TRENITALIA - IT",.29,,Posted,2965.22
"XXXXXX9750",10/31/2025,,"FDR DEBIT CARD VISA DEBIT FOREIGN TRANSACTION FEE GRUPPO ARGENT IT",.01,,Posted,2965.51
"XXXXXX9750",10/31/2025,,"POS SIG 10/30 VISA #3333 TRENITALIA - PT WL https://www.t IT",14.29,,Posted,2965.52
"XXXXXX9750",10/31/2025,,"POS SIG 10/30 VISA #3333 GRUPPO ARGENTA S.P.A. REGGIO EMILIA IT",.47,,Posted,2979.81
"XXXXXX9750",10/31/2025,,"FCB FUNDS TRANSFER FROM  X2504",,40.00,Posted,2980.28
"XXXXXX9750",10/30/2025,,"FDR DEBIT CARD VISA DEBIT FOREIGN TRANSACTION FEE BUSA DEI BRIG IT",.42,,Posted,2940.28
"XXXXXX9750",10/30/2025,,"FDR DEBIT CARD VISA DEBIT FOREIGN TRANSACTION FEE THE BIG BANG IT",.21,,Posted,2940.70
"XXXXXX9750",10/30/2025,,"FDR DEBIT CARD VISA DEBIT FOREIGN TRANSACTION FEE GELATERIA ROM IT",.12,,Posted,2940.91
"XXXXXX9750",10/30/2025,,"FDR DEBIT CARD VISA DEBIT FOREIGN TRANSACTION FEE GRUPPO ARGENT IT",.01,,Posted,2941.03
"XXXXXX9750",10/30/2025,,"POS SIG 10/29 VISA #3333 BUSA DEI BRIGANTI PADOVA IT",21.01,,Posted,2941.04
"XXXXXX9750",10/30/2025,,"POS SIG 10/29 VISA #3333 THE BIG BANG PIZZA PADOVA IT",10.50,,Posted,2962.05
"XXXXXX9750",10/30/2025,,"POS SIG 10/29 VISA #3333 GELATERIA ROMANA PADOVA IT",5.84,,Posted,2972.55
"XXXXXX9750",10/30/2025,,"POS SIG 10/29 VISA #3333 GRUPPO ARGENTA S.P.A. REGGIO EMILIA IT",.47,,Posted,2978.39
"XXXXXX9750",10/29/2025,,"FDR DEBIT CARD VISA DEBIT FOREIGN TRANSACTION FEE SUPERMERCATO IT",.13,,Posted,2978.86
"XXXXXX9750",10/29/2025,,"FDR DEBIT CARD VISA DEBIT FOREIGN TRANSACTION FEE GRUPPO ARGENT IT",.01,,Posted,2978.99
"XXXXXX9750",10/29/2025,,"POS SIG 10/28 VISA #3333 SUPERMERCATO SUMITI GI PADOVA IT",6.29,,Posted,2979.00
"XXXXXX9750",10/29/2025,,"POS SIG 10/28 VISA #3333 GRUPPO ARGENTA S.P.A. REGGIO EMILIA IT",.47,,Posted,2985.29
"XXXXXX9750",10/28/2025,,"FDR DEBIT CARD VISA DEBIT FOREIGN TRANSACTION FEE THE BIG BANG IT",.14,,Posted,2985.76
"XXXXXX9750",10/28/2025,,"FDR DEBIT CARD VISA DEBIT FOREIGN TRANSACTION FEE ATAC TAP&amp;GO IT",.04,,Posted,2985.90
"XXXXXX9750",10/28/2025,,"FDR DEBIT CARD VISA DEBIT FOREIGN TRANSACTION FEE GRUPPO ARGENT IT",.01,,Posted,2985.94
"XXXXXX9750",10/28/2025,,"POS SIG 10/27 VISA #3333 THE BIG BANG PIZZA PADOVA IT",6.99,,Posted,2985.95
"XXXXXX9750",10/28/2025,,"POS SIG 10/25 VISA #3333 ATAC TAP&amp;GO ROMA IT",1.75,,Posted,2992.94
"XXXXXX9750",10/28/2025,,"POS SIG 10/27 VISA #3333 GRUPPO ARGENTA S.P.A. REGGIO EMILIA IT",.47,,Posted,2994.69
"XXXXXX9750",10/27/2025,,"FDR DEBIT CARD VISA DEBIT FOREIGN TRANSACTION FEE RISTOGERMANIC IT",.63,,Posted,2995.16
"XXXXXX9750",10/27/2025,,"FDR DEBIT CARD VISA DEBIT FOREIGN TRANSACTION FEE CHARITY CAFE' IT",.46,,Posted,2995.79
"XXXXXX9750",10/27/2025,,"FDR DEBIT CARD VISA DEBIT FOREIGN TRANSACTION FEE Musei Vatican VS",.19,,Posted,2996.25
"XXXXXX9750",10/27/2025,,"FDR DEBIT CARD VISA DEBIT FOREIGN TRANSACTION FEE RUSTICHELLI &amp; IT",.16,,Posted,2996.44
"XXXXXX9750",10/27/2025,,"FDR DEBIT CARD VISA DEBIT FOREIGN TRANSACTION FEE GRAN CAFFE RO IT",.08,,Posted,2996.60
"XXXXXX9750",10/27/2025,,"FDR DEBIT CARD VISA DEBIT FOREIGN TRANSACTION FEE SumUp *Manpr IT",.08,,Posted,2996.68
"XXXXXX9750",10/27/2025,,"FDR DEBIT CARD VISA DEBIT FOREIGN TRANSACTION FEE ARTE SACRA E IT",.08,,Posted,2996.76
"XXXXXX9750",10/27/2025,,"FDR DEBIT CARD VISA DEBIT FOREIGN TRANSACTION FEE VITTORIO EMAN IT",.05,,Posted,2996.84
"XXXXXX9750",10/27/2025,,"POS SIG 10/25 VISA #3333 RISTOGERMANICO SRL ROMA IT",31.46,,Posted,2996.89
"XXXXXX9750",10/27/2025,,"POS SIG 10/24 VISA #3333 CHARITY CAFE' JAZZ &amp; ROMA IT",23.24,,Posted,3028.35
"XXXXXX9750",10/27/2025,,"POS SIG 10/25 VISA #3333 Musei Vaticani Bigliet Citta del Vat VS",9.32,,Posted,3051.59
"XXXXXX9750",10/27/2025,,"POS SIG 10/24 VISA #3333 RUSTICHELLI &amp; MANGIONE PADOVA IT",8.02,,Posted,3060.91
"XXXXXX9750",10/27/2025,,"POS SIG 10/25 VISA #3333 GRAN CAFFE ROSSETTI ROMA IT",4.08,,Posted,3068.93
"XXXXXX9750",10/27/2025,,"POS SIG 10/25 VISA #3333 ARTE SACRA E SOUVENIR. ROMA IT",4.08,,Posted,3073.01
"XXXXXX9750",10/27/2025,,"POS SIG 10/24 VISA #3333 SumUp *Manpreet S R L Roma IT",4.07,,Posted,3077.09
"XXXXXX9750",10/27/2025,,"POS SIG 10/26 VISA #3333 PAYPAL *ambrosinoloren Visa Direct CA",3.92,,Posted,3081.16
"XXXXXX9750",10/27/2025,,"POS SIG 10/25 VISA #3333 VITTORIO EMANUELE 24 ROMA IT",2.33,,Posted,3085.08
"XXXXXX9750",10/24/2025,,"FDR DEBIT CARD VISA DEBIT FOREIGN TRANSACTION FEE TRENITALIA - IT",2.12,,Posted,3087.41
"XXXXXX9750",10/24/2025,,"POS SIG 10/23 VISA #3333 TRENITALIA - PT WL https://www.t IT",105.78,,Posted,3089.53
"XXXXXX9750",10/23/2025,,"FDR DEBIT CARD VISA DEBIT FOREIGN TRANSACTION FEE GRUPPO ARGENT IT",.01,,Posted,3195.31
"XXXXXX9750",10/23/2025,,"POS SIG 10/22 VISA #3333 GRUPPO ARGENTA S.P.A. REGGIO EMILIA IT",.47,,Posted,3195.32
"XXXXXX9750",10/22/2025,,"FDR DEBIT CARD VISA DEBIT FOREIGN TRANSACTION FEE AL BARETO IT",.04,,Posted,3195.79
"XXXXXX9750",10/22/2025,,"POS SIG 10/21 VISA #3333 AL BARETO PADOVA IT",2.10,,Posted,3195.83
"XXXXXX9750",10/21/2025,,"FDR DEBIT CARD VISA DEBIT FOREIGN TRANSACTION FEE GRUPPO ARGENT IT",.01,,Posted,3197.93
"XXXXXX9750",10/21/2025,,"POS SIG 10/20 VISA #3333 PAYPAL *delucsim Visa Direct CA",6.45,,Posted,3197.94
"XXXXXX9750",10/21/2025,,"POS SIG 10/20 VISA #3333 GRUPPO ARGENTA S.P.A. REGGIO EMILIA IT",.47,,Posted,3204.39
"XXXXXX9750",10/20/2025,,"FDR DEBIT CARD VISA DEBIT FOREIGN TRANSACTION FEE INTELLIGHENZI IT",3.40,,Posted,3204.86
"XXXXXX9750",10/20/2025,,"FDR DEBIT CARD VISA DEBIT FOREIGN TRANSACTION FEE GELATERIA ROM IT",.12,,Posted,3208.26
"XXXXXX9750",10/20/2025,,"FDR DEBIT CARD VISA DEBIT FOREIGN TRANSACTION FEE GRUPPO ARGENT IT",.01,,Posted,3208.38
"XXXXXX9750",10/20/2025,,"POS SIG 10/19 VISA #3333 INTELLIGHENZIA PROJECT PADOVA IT",170.09,,Posted,3208.39
"XXXXXX9750",10/20/2025,,"POS SIG 10/18 VISA #3333 GELATERIA ROMANA PADOVA IT",5.87,,Posted,3378.48
"XXXXXX9750",10/20/2025,,"POS SIG 10/17 VISA #3333 GRUPPO ARGENTA S.P.A. REGGIO EMILIA IT",.47,,Posted,3384.35
"XXXXXX9750",10/17/2025,,"FID BKG SVC LLC MONEYLINE Z****1268 FNZOE",3991.83,,Posted,3384.82
"XXXXXX9750",10/16/2025,,"FDR DEBIT CARD VISA DEBIT FOREIGN TRANSACTION FEE INTELLIGHENZI IT",.35,,Posted,7376.65
"XXXXXX9750",10/16/2025,,"FDR DEBIT CARD VISA DEBIT FOREIGN TRANSACTION FEE PREMIATA GELA IT",.09,,Posted,7377.00
"XXXXXX9750",10/16/2025,,"POS SIG 10/15 VISA #3333 INTELLIGHENZIA PROJECT PADOVA IT",17.43,,Posted,7377.09
"XXXXXX9750",10/16/2025,,"POS SIG 10/15 VISA #3333 PREMIATA GELATERIA ART PADOVA IT",4.65,,Posted,7394.52
"XXXXXX9750",10/15/2025,,"COINBASE INC. 4906566B RTL-H53M5WF6",,3991.83,Posted,7399.17
"XXXXXX9750",10/14/2025,,"FDR DEBIT CARD VISA DEBIT FOREIGN TRANSACTION FEE RISTORANTE AN IT",.26,,Posted,3407.34
"XXXXXX9750",10/14/2025,,"FDR DEBIT CARD VISA DEBIT FOREIGN TRANSACTION FEE SumUp *I lov IT",.16,,Posted,3407.60
"XXXXXX9750",10/14/2025,,"FDR DEBIT CARD VISA DEBIT FOREIGN TRANSACTION FEE BAR MODERNO IT",.08,,Posted,3407.76
"XXXXXX9750",10/14/2025,,"FDR DEBIT CARD VISA DEBIT FOREIGN TRANSACTION FEE BAO FENG IT",.03,,Posted,3407.84
"XXXXXX9750",10/14/2025,,"POS SIG 10/12 VISA #3333 RISTORANTE ANTICA CINA PADOVA IT",13.03,,Posted,3407.87
"XXXXXX9750",10/14/2025,,"POS SIG 10/11 VISA #3333 SumUp *I love trieste Trieste IT",8.14,,Posted,3420.90
"XXXXXX9750",10/14/2025,,"POS SIG 10/11 VISA #3333 BAR MODERNO TRIESTE IT",3.95,,Posted,3429.04
"XXXXXX9750",10/14/2025,,"POS SIG 10/11 VISA #3333 BAO FENG TRIESTE IT",1.74,,Posted,3432.99
"XXXXXX9750",10/9/2025,,"VIA GIACOMO MAT FOREIGN TRAN FEE  DOVA         929926",3.49,,Posted,3434.73
"XXXXXX9750",10/9/2025,,"FDR DEBIT CARD VISA DEBIT FOREIGN TRANSACTION FEE CAFFE PEDROCC IT",.19,,Posted,3438.22
"XXXXXX9750",10/9/2025,,"VIA GIACOMO MAT VIA GIACOMO MATTPADOVA         929926",122.47,,Posted,3438.41
"XXXXXX9750",10/9/2025,,"POS SIG 10/08 VISA #3333 CAFFE PEDROCCHI PLATEA PADOVA IT",9.38,,Posted,3560.88
"XXXXXX9750",10/6/2025,,"FDR DEBIT CARD VISA DEBIT FOREIGN TRANSACTION FEE SOUL KITCHEN IT",.75,,Posted,3570.26
"XXXXXX9750",10/6/2025,,"FDR DEBIT CARD VISA DEBIT FOREIGN TRANSACTION FEE CALOGERO COST IT",.38,,Posted,3571.01
"XXXXXX9750",10/6/2025,,"FDR DEBIT CARD VISA DEBIT FOREIGN TRANSACTION FEE GELATERIA ROM IT",.19,,Posted,3571.39
"XXXXXX9750",10/6/2025,,"POS SIG 10/03 VISA #3333 SOUL KITCHEN DI MARTIN PADOVA IT",37.64,,Posted,3571.58
"XXXXXX9750",10/6/2025,,"POS SIG 10/03 VISA #3333 CALOGERO COSTANZA PADOVA IT",18.82,,Posted,3609.22
"XXXXXX9750",10/6/2025,,"POS SIG 10/05 VISA #3333 GELATERIA ROMANA PADOVA IT",9.41,,Posted,3628.04
"XXXXXX9750",10/6/2025,,"FCB FUNDS TRANSFER FROM  X2504",,1500.00,Posted,3637.45
"XXXXXX9750",10/3/2025,,"FDR DEBIT CARD VISA DEBIT FOREIGN TRANSACTION FEE MERCATONE DI IT",.14,,Posted,2137.45
"XXXXXX9750",10/3/2025,,"FDR DEBIT CARD VISA DEBIT FOREIGN TRANSACTION FEE COLLEGIO DON IT",.12,,Posted,2137.59
"XXXXXX9750",10/3/2025,,"POS SIG 10/02 VISA #3333 MERCATONE DI CHEN SIEN PADOVA IT",6.95,,Posted,2137.71
"XXXXXX9750",10/3/2025,,"POS SIG 10/02 VISA #3333 COLLEGIO DON MAZZA PADOVA IT",5.89,,Posted,2144.66
"XXXXXX9750",10/1/2025,,"FCB FUNDS TRANSFER TO  X7703",302.67,,Posted,2150.55
"XXXXXX9750",10/1/2025,,"FCB FUNDS TRANSFER TO  X7703",272.68,,Posted,2453.22
"XXXXXX9750",9/30/2025,,"FDR DEBIT CARD VISA DEBIT FOREIGN TRANSACTION FEE GELATERIA ROM IT",.09,,Posted,2725.90
"XXXXXX9750",9/30/2025,,"POS SIG 09/29 VISA #3333 GELATERIA ROMANA PADOVA IT",4.68,,Posted,2725.99
"XXXXXX9750",9/30/2025,,"FCB FUNDS TRANSFER FROM  X2504",,40.00,Posted,2730.67
"XXXXXX9750",9/25/2025,,"FDR DEBIT CARD VISA DEBIT FOREIGN TRANSACTION FEE MEDIAWORLD PA IT",4.74,,Posted,2690.67
"XXXXXX9750",9/25/2025,,"FDR DEBIT CARD VISA DEBIT FOREIGN TRANSACTION FEE PADOVA HFB EC IT",1.32,,Posted,2695.41
"XXXXXX9750",9/25/2025,,"POS SIG 09/24 VISA #3333 MEDIAWORLD PADOVA CDC PADOVA IT",237.01,,Posted,2696.73
"XXXXXX9750",9/25/2025,,"POS SIG 09/24 VISA #3333 PADOVA HFB ECO PADOVA IT",65.85,,Posted,2933.74
"XXXXXX9750",9/23/2025,,"POS SIG 09/22 VISA #3333 THE UPS STORE 5399 919-8065084 NC",10.00,,Posted,2999.59
"XXXXXX9750",9/22/2025,,"VENMO CASHOUT *********0792",,260.00,Posted,3009.59
"XXXXXX9750",9/22/2025,,"FCB FUNDS TRANSFER FROM  X2504",,740.00,Posted,2749.59
"XXXXXX9750",9/8/2025,,"VENMO CASHOUT *********2188",,695.00,Posted,2009.59
"XXXXXX9750",9/2/2025,,"FCB FUNDS TRANSFER TO  X7703",218.18,,Posted,1314.59
"XXXXXX9750",9/2/2025,,"FCB FUNDS TRANSFER TO  X7703",19.50,,Posted,1532.77
"XXXXXX9750",9/2/2025,,"FCB FUNDS TRANSFER FROM  X2504",,40.00,Posted,1552.27
"XXXXXX9750",8/26/2025,,"VENMO PAYMENT *********2457",921.00,,Posted,1512.27
"XXXXXX9750",8/26/2025,,"VENMO CASHOUT *********9616",,578.00,Posted,2433.27
"XXXXXX9750",8/22/2025,,"VENMO CASHOUT *********3416",,340.00,Posted,1855.27
"XXXXXX9750",8/1/2025,,"FCB FUNDS TRANSFER TO  X7703",1207.86,,Posted,1515.27
"XXXXXX9750",8/1/2025,,"FCB FUNDS TRANSFER TO  X7703",286.74,,Posted,2723.13
"XXXXXX9750",7/31/2025,,"FCB FUNDS TRANSFER FROM  X2504",,40.00,Posted,3009.87
"XXXXXX9750",7/18/2025,,"FCB FUNDS TRANSFER TO  X2504",30000.00,,Posted,2969.87
"XXXXXX9750",7/9/2025,,"FCB FUNDS TRANSFER FROM  X2504",,30000.00,Posted,32969.87
"XXXXXX9750",7/1/2025,,"FCB FUNDS TRANSFER TO  X7703",64.10,,Posted,2969.87
"XXXXXX9750",6/30/2025,,"FCB FUNDS TRANSFER FROM  X2504",,40.00,Posted,3033.97
"XXXXXX9750",6/18/2025,,"VENMO PAYMENT *********6647",216.69,,Posted,2993.97
"XXXXXX9750",6/18/2025,,"VENMO CASHOUT *********9836",,61.00,Posted,3210.66
"XXXXXX9750",6/17/2025,,"FID BKG SVC LLC MONEYLINE Z******6819SFIL",,994.15,Posted,3149.66
"XXXXXX9750",6/10/2025,,"VENMO CASHOUT *********0567",,678.21,Posted,2155.51
"XXXXXX9750",6/2/2025,,"FCB FUNDS TRANSFER TO  X7703",236.84,,Posted,1477.30
"XXXXXX9750",6/2/2025,,"FCB FUNDS TRANSFER TO  X7703",236.84,,Posted,1714.14
"XXXXXX9750",6/2/2025,,"FCB FUNDS TRANSFER FROM  X2504",,40.00,Posted,1950.98
"XXXXXX9750",5/20/2025,,"Customer Deposit",,100.00,Posted,1910.98
"XXXXXX9750",5/9/2025,,"CREE INC DIRECT DEP **********418L3",,335.11,Posted,1810.98
"XXXXXX9750",5/6/2025,,"Customer Deposit",,1385.00,Posted,1475.87
"XXXXXX9750",5/1/2025,,"FCB FUNDS TRANSFER TO  X7703",1283.36,,Posted,90.87
"XXXXXX9750",4/30/2025,,"FCB FUNDS TRANSFER FROM  X2504",,40.00,Posted,1374.23
"XXXXXX9750",4/25/2025,,"CREE INC DIRECT DEP **********588L3",,780.77,Posted,1334.23
"XXXXXX9750",4/23/2025,,"VENMO PAYMENT *********7766",5.00,,Posted,553.46
"XXXXXX9750",4/22/2025,,"VENMO PAYMENT *********7460",25.00,,Posted,558.46
"XXXXXX9750",4/21/2025,,"VENMO PAYMENT *********7643",5.00,,Posted,583.46
"XXXXXX9750",4/11/2025,,"CREE INC DIRECT DEP **********088L3",,568.70,Posted,588.46
"XXXXXX9750",4/4/2025,,"POS SIG 04/03 VISA #3333 NCSU T2 PAYSTATION RALEIGH NC",7.00,,Posted,19.76
"XXXXXX9750",4/1/2025,,"FCB FUNDS TRANSFER TO  X7703",434.92,,Posted,26.76
"XXXXXX9750",4/1/2025,,"VENMO CASHOUT *********4839",,22.86,Posted,461.68
"XXXXXX9750",3/31/2025,,"FCB FUNDS TRANSFER FROM  X2504",,40.00,Posted,438.82
"XXXXXX9750",3/28/2025,,"FID BKG SVC LLC MONEYLINE Z*******81A2MS0",1000.00,,Posted,398.82
"XXXXXX9750",3/28/2025,,"CREE INC DIRECT DEP **********708L3",,768.24,Posted,1398.82
"XXXXXX9750",3/14/2025,,"COINBASE INC. F5BF3AAE RTL-FSVXG5WM",1000.00,,Posted,630.58
"XXXXXX9750",3/14/2025,,"CREE INC DIRECT DEP **********648L3",,768.23,Posted,1630.58
"XXXXXX9750",3/7/2025,,"VENMO PAYMENT *********6595",30.00,,Posted,862.35
"XXXXXX9750",3/3/2025,,"FCB FUNDS TRANSFER TO  X7703",112.07,,Posted,892.35
"XXXXXX9750",2/28/2025,,"CREE INC DIRECT DEP **********338L3",,776.27,Posted,1004.42
"XXXXXX9750",2/28/2025,,"FCB FUNDS TRANSFER FROM  X2504",,40.00,Posted,228.15
"XXXXXX9750",2/26/2025,,"FID BKG SVC LLC MONEYLINE Z*******815MY3T",1000.00,,Posted,188.15
"XXXXXX9750",2/20/2025,,"FCB FUNDS TRANSFER TO  X7703",1306.56,,Posted,1188.15
"XXXXXX9750",2/18/2025,,"FCB FUNDS TRANSFER FROM  X2504",,200.00,Posted,2494.71
"XXXXXX9750",2/18/2025,,"FCB FUNDS TRANSFER FROM  X3961",,100.00,Posted,2294.71
"XXXXXX9750",2/14/2025,,"CREE INC DIRECT DEP **********378L3",,826.37,Posted,2194.71
"XXXXXX9750",2/11/2025,,"VENMO PAYMENT *********4553",20.00,,Posted,1368.34
"XXXXXX9750",2/6/2025,,"FID BKG SVC LLC MONEYLINE Z*******812ZLU5",1000.00,,Posted,1388.34
"XXXXXX9750",2/3/2025,,"VENMO CASHOUT *********0339",,250.00,Posted,2388.34
"XXXXXX9750",1/31/2025,,"CREE INC DIRECT DEP **********638L3",,647.34,Posted,2138.34
"XXXXXX9750",1/31/2025,,"FCB FUNDS TRANSFER FROM  X2504",,40.00,Posted,1491.00
"XXXXXX9750",1/21/2025,,"VENMO CASHOUT *********9662",,80.00,Posted,1451.00
"XXXXXX9750",1/17/2025,,"CREE INC DIRECT DEP **********708L3",,292.42,Posted,1371.00
"XXXXXX9750",1/7/2025,,"FID BKG SVC LLC MONEYLINE Z****1268 YVCUN",400.00,,Posted,1078.58
"XXXXXX9750",1/6/2025,,"VENMO PAYMENT *********1695",53.00,,Posted,1478.58
"XXXXXX9750",1/3/2025,,"CREE INC DIRECT DEP **********468L3",,418.51,Posted,1531.58
"XXXXXX9750",1/2/2025,,"VENMO PAYMENT *********4168",242.00,,Posted,1113.07
"XXXXXX9750",1/2/2025,,"FCB FUNDS TRANSFER TO  X7703",228.48,,Posted,1355.07
"XXXXXX9750",12/31/2024,,"VENMO PAYMENT *********8163",25.00,,Posted,1583.55
"XXXXXX9750",12/31/2024,,"FCB FUNDS TRANSFER FROM  X2504",,40.00,Posted,1608.55
"XXXXXX9750",12/26/2024,,"VENMO PAYMENT *********3668",350.00,,Posted,1568.55
"XXXXXX9750",12/26/2024,,"VENMO PAYMENT *********7855",30.00,,Posted,1918.55
"XXXXXX9750",12/23/2024,,"VENMO CASHOUT *********6905",,183.00,Posted,1948.55
"XXXXXX9750",12/20/2024,,"CREE INC DIRECT DEP **********708L3",,387.48,Posted,1765.55
"XXXXXX9750",12/19/2024,,"Customer Deposit",,150.00,Posted,1378.07
"XXXXXX9750",12/6/2024,,"CREE INC DIRECT DEP **********348L3",,1183.07,Posted,1228.07
"XXXXXX9750",12/2/2024,,"FCB FUNDS TRANSFER TO  X7703",702.02,,Posted,45.00
"XXXXXX9750",12/2/2024,,"FCB FUNDS TRANSFER TO  X7703",602.32,,Posted,747.02
"XXXXXX9750",12/2/2024,,"FCB FUNDS TRANSFER FROM  X2504",,40.00,Posted,1349.34
"XXXXXX9750",11/22/2024,,"FID BKG SVC LLC MONEYLINE Z******97 T2G5R",200.00,,Posted,1309.34
"XXXXXX9750",11/22/2024,,"CREE INC DIRECT DEP **********068L3",,593.05,Posted,1509.34
"XXXXXX9750",11/21/2024,,"FID BKG SVC LLC MONEYLINE Z****1268 SWTDS",1000.00,,Posted,916.29
"XXXXXX9750",11/20/2024,,"VENMO CASHOUT *********4531",,244.00,Posted,1916.29
"XXXXXX9750",11/20/2024,,"POS SIG 11/19 VISA #3333 GRUBHUB CAMPUS DINING 8888275055 CA",6.44,,Posted,1672.29
"XXXXXX9750",11/8/2024,,"CREE INC DIRECT DEP **********538L3",,747.10,Posted,1678.73
"XXXXXX9750",11/7/2024,,"POS SIG 11/06 VISA #3333 2ND KITCHENS RD AIRPOR MORRISVILLE NC",7.78,,Posted,931.63
"XXXXXX9750",11/1/2024,,"FCB FUNDS TRANSFER TO  X7703",290.49,,Posted,939.41
"XXXXXX9750",11/1/2024,,"FCB FUNDS TRANSFER TO  X7703",178.55,,Posted,1229.90
"XXXXXX9750",10/31/2024,,"FCB FUNDS TRANSFER FROM  X2504",,40.00,Posted,1408.45
"XXXXXX9750",10/25/2024,,"CREE INC DIRECT DEP **********348L3",,722.07,Posted,1368.45
"XXXXXX9750",10/16/2024,,"FID BKG SVC LLC MONEYLINE Z****1268 OTDHQ",1000.00,,Posted,646.38
"XXXXXX9750",10/11/2024,,"CREE INC DIRECT DEP **********888L3",,956.46,Posted,1646.38
"XXXXXX9750",10/7/2024,,"FID BKG SVC LLC MONEYLINE Z*****268 NLQ0C",1000.00,,Posted,689.92
"XXXXXX9750",10/7/2024,,"FCB FUNDS TRANSFER TO  X7703",164.23,,Posted,1689.92
"XXXXXX9750",10/1/2024,,"FCB FUNDS TRANSFER TO  X7703",30.03,,Posted,1854.15
"XXXXXX9750",9/30/2024,,"FCB FUNDS TRANSFER FROM  X2504",,40.00,Posted,1884.18
"XXXXXX9750",9/27/2024,,"CREE INC DIRECT DEP **********028L3",,893.34,Posted,1844.18
"XXXXXX9750",9/16/2024,,"VENMO PAYMENT *********0066",140.00,,Posted,950.84
"XXXXXX9750",9/11/2024,,"FID BKG SVC LLC MONEYLINE Z****1268 KPQAQ",1000.00,,Posted,1090.84
"XXXXXX9750",9/9/2024,,"FCB FUNDS TRANSFER TO  X7703",960.48,,Posted,2090.84
"XXXXXX9750",9/3/2024,,"FCB FUNDS TRANSFER FROM  X2504",,40.00,Posted,3051.32
"XXXXXX9750",8/21/2024,,"VENMO PAYMENT *********6443",40.00,,Posted,3011.32
"XXXXXX9750",8/16/2024,,"CREE INC DIRECT DEP **********468L3",,1434.61,Posted,3051.32
"XXXXXX9750",8/5/2024,,"FCB FUNDS TRANSFER TO  X2504",5000.00,,Posted,1616.71
"XXXXXX9750",8/2/2024,,"CREE INC DIRECT DEP **********548L3",,1445.89,Posted,6616.71
"XXXXXX9750",7/31/2024,,"FCB FUNDS TRANSFER FROM  X2504",,40.00,Posted,5170.82
"XXXXXX9750",7/19/2024,,"CREE INC DIRECT DEP **********468L3",,1524.55,Posted,5130.82
"XXXXXX9750",7/5/2024,,"CREE INC DIRECT DEP **********088L3",,1523.30,Posted,3606.27
"XXXXXX9750",7/1/2024,,"FCB FUNDS TRANSFER TO  X2167",694.55,,Posted,2082.97
"XXXXXX9750",7/1/2024,,"FCB FUNDS TRANSFER FROM  X2504",,40.00,Posted,2777.52
"XXXXXX9750",6/27/2024,,"VENMO PAYMENT *********7830",75.00,,Posted,2737.52
"XXXXXX9750",6/27/2024,,"VENMO PAYMENT *********5864",25.00,,Posted,2812.52
"XXXXXX9750",6/24/2024,,"VENMO PAYMENT *********3339",669.65,,Posted,2837.52
"XXXXXX9750",6/24/2024,,"VENMO CASHOUT *********0863",,156.00,Posted,3507.17
"XXXXXX9750",6/21/2024,,"CREE INC DIRECT DEP **********268L3",,1518.80,Posted,3351.17
"XXXXXX9750",6/20/2024,,"FID BKG SVC LLC MONEYLINE Z****1268 BQFFP",1000.00,,Posted,1832.37
"XXXXXX9750",6/7/2024,,"CREE INC DIRECT DEP **********048L3",,1000.00,Posted,2832.37
"XXXXXX9750",6/7/2024,,"CREE INC DIRECT DEP **********038L3",,872.83,Posted,1832.37
"XXXXXX9750",6/3/2024,,"VENMO CASHOUT *********4797",,619.00,Posted,959.54
"XXXXXX9750",5/31/2024,,"FCB FUNDS TRANSFER TO  X2167",315.93,,Posted,340.54
"XXXXXX9750",5/31/2024,,"FCB FUNDS TRANSFER FROM  X2504",,40.00,Posted,656.47
"XXXXXX9750",5/23/2024,,"Customer Deposit",,304.00,Posted,616.47
"XXXXXX9750",5/10/2024,,"CREE INC DIRECT DEP **********978L3",,195.73,Posted,312.47
"XXXXXX9750",5/6/2024,,"VENMO PAYMENT *********1842",25.00,,Posted,116.74
"XXXXXX9750",5/6/2024,,"FCB FUNDS TRANSFER TO  X2167",552.59,,Posted,141.74
"XXXXXX9750",4/30/2024,,"FCB FUNDS TRANSFER TO  X2167",694.73,,Posted,694.33
"XXXXXX9750",4/30/2024,,"FCB FUNDS TRANSFER FROM  X2504",,40.00,Posted,1389.06
"XXXXXX9750",4/26/2024,,"CREE INC DIRECT DEP **********378L3",,623.48,Posted,1349.06
"XXXXXX9750",4/16/2024,,"VENMO PAYMENT *********4057",12.00,,Posted,725.58
"XXXXXX9750",4/15/2024,,"FCB FUNDS TRANSFER TO  X2504",945.00,,Posted,737.58
"XXXXXX9750",4/12/2024,,"CREE INC DIRECT DEP **********588L3",,608.24,Posted,1682.58
"XXXXXX9750",4/8/2024,,"Mobile Check Deposit",,62.71,Posted,1074.34
"XXXXXX9750",4/1/2024,,"FCB FUNDS TRANSFER TO  X2167",656.83,,Posted,1011.63
"XXXXXX9750",4/1/2024,,"VENMO CASHOUT *********7318",,42.00,Posted,1668.46
"XXXXXX9750",4/1/2024,,"FCB FUNDS TRANSFER FROM  X2504",,40.00,Posted,1626.46
"XXXXXX9750",3/29/2024,,"CREE INC DIRECT DEP **********258L3",,354.18,Posted,1586.46
"XXXXXX9750",3/15/2024,,"CREE INC DIRECT DEP **********138L3",,593.02,Posted,1232.28
"XXXXXX9750",3/5/2024,,"VENMO CASHOUT *********8063",,50.00,Posted,639.26
"XXXXXX9750",3/4/2024,,"VENMO PAYMENT *********6184",345.00,,Posted,589.26
"XXXXXX9750",3/1/2024,,"CREE INC DIRECT DEP **********528L3",,798.33,Posted,934.26
"XXXXXX9750",2/29/2024,,"FCB FUNDS TRANSFER TO  X2167",836.26,,Posted,135.93
"XXXXXX9750",2/29/2024,,"FCB FUNDS TRANSFER FROM  X2504",,40.00,Posted,972.19
"XXXXXX9750",2/28/2024,,"FCB FUNDS TRANSFER FROM  X2504",,500.00,Posted,932.19
"XXXXXX9750",2/26/2024,,"VENMO PAYMENT *********8837",205.00,,Posted,432.19
"XXXXXX9750",2/26/2024,,"VENMO CASHOUT *********0309",,85.00,Posted,637.19
"XXXXXX9750",2/23/2024,,"POS SIG 02/23 VISA #3333 CASH APP*DONNA RAINWAT 800-9691940 CA",50.00,,Posted,552.19
"XXXXXX9750",2/16/2024,,"CREE INC DIRECT DEP **********778L3",,441.70,Posted,602.19
"XXXXXX9750",2/16/2024,,"VENMO CASHOUT *********5896",,83.10,Posted,160.49
"XXXXXX9750",2/8/2024,,"COINBASE INC. 8889087930 RTL-LJYFQPLN",500.00,,Posted,77.39
"XXXXXX9750",2/8/2024,,"COINBASE INC. 8889087930 RTL-NZVMX7JU",500.00,,Posted,577.39
"XXXXXX9750",2/2/2024,,"CREE INC DIRECT DEP **********568L3",,562.56,Posted,1077.39
"XXXXXX9750",2/1/2024,,"FCB FUNDS TRANSFER TO  X2504",40.00,,Posted,514.83
"XXXXXX9750",1/31/2024,,"FCB FUNDS TRANSFER TO  X2167",243.18,,Posted,554.83
"XXXXXX9750",1/31/2024,,"FCB FUNDS TRANSFER FROM  X2504",,40.00,Posted,798.01
"XXXXXX9750",1/19/2024,,"CREE INC DIRECT DEP **********898L3",,577.78,Posted,758.01
"XXXXXX9750",1/9/2024,,"VENMO CASHOUT *********9332",,30.00,Posted,180.23
"XXXXXX9750",1/2/2024,,"FCB FUNDS TRANSFER TO  X2167",543.87,,Posted,150.23
"XXXXXX9750",1/2/2024,,"FCB FUNDS TRANSFER FROM  X2504",,40.00,Posted,694.10
"XXXXXX9750",12/27/2023,,"FCB FUNDS TRANSFER FROM  X2504",,280.00,Posted,654.10
"XXXXXX9750",12/26/2023,,"COINBASE INC. 8889087930 RTL-S7VH2RMD",500.00,,Posted,374.10
"XXXXXX9750",12/26/2023,,"VENMO PAYMENT *********5334",236.00,,Posted,874.10
"XXXXXX9750",12/26/2023,,"VENMO CASHOUT *********2568",,90.00,Posted,1110.10
"XXXXXX9750",12/8/2023,,"CREE INC DIRECT DEP **********428L3",,438.81,Posted,1020.10
"XXXXXX9750",12/8/2023,,"VENMO CASHOUT *********2480",,90.00,Posted,581.29
"XXXXXX9750",12/7/2023,,"PURCHASE 12/07 AKARI EXPRESS   2109 AVENT FERRY RRALEIGH NC   094782",12.85,,Posted,491.29
"XXXXXX9750",11/30/2023,,"FCB FUNDS TRANSFER TO  X2167",1039.61,,Posted,504.14
"XXXXXX9750",11/30/2023,,"FCB FUNDS TRANSFER FROM  X2504",,40.00,Posted,1543.75
"XXXXXX9750",11/27/2023,,"FCB FUNDS TRANSFER TO  X2504",1000.00,,Posted,1503.75
"XXXXXX9750",11/24/2023,,"CREE INC DIRECT DEP **********858L3",,558.68,Posted,2503.75
"XXXXXX9750",11/13/2023,,"CREE INC DIRECT DEP **********438L3",,558.68,Posted,1945.07
"XXXXXX9750",11/8/2023,,"VENMO PAYMENT *********6726",300.00,,Posted,1386.39
"XXXXXX9750",11/8/2023,,"VENMO CASHOUT *********0722",,300.00,Posted,1686.39
"XXXXXX9750",11/8/2023,,"VENMO CASHOUT *********9677",,48.00,Posted,1386.39
"XXXXXX9750",10/31/2023,,"FCB FUNDS TRANSFER TO  X2167",107.06,,Posted,1338.39
"XXXXXX9750",10/31/2023,,"FCB FUNDS TRANSFER FROM  X2504",,40.00,Posted,1445.45
"XXXXXX9750",10/27/2023,,"CREE INC DIRECT DEP **********748L3",,708.85,Posted,1405.45
"XXXXXX9750",10/25/2023,,"FCB FUNDS TRANSFER TO  X2167",1729.51,,Posted,696.60
"XXXXXX9750",10/23/2023,,"FCB FUNDS TRANSFER TO  X2167",53.00,,Posted,2426.11
"XXXXXX9750",10/23/2023,,"VENMO CASHOUT *********4634",,823.00,Posted,2479.11
"XXXXXX9750",10/13/2023,,"CREE INC DIRECT DEP **********248L3",,483.51,Posted,1656.11
"XXXXXX9750",10/10/2023,,"VENMO CASHOUT *********7037",,159.11,Posted,1172.60
"XXXXXX9750",10/2/2023,,"FCB FUNDS TRANSFER TO  X2504",5000.00,,Posted,1013.49
"XXXXXX9750",10/2/2023,,"FCB FUNDS TRANSFER FROM  X2504",,40.00,Posted,6013.49
"XXXXXX9750",9/29/2023,,"CREE INC DIRECT DEP **********998L3",,558.67,Posted,5973.49
"XXXXXX9750",9/26/2023,,"PURCHASE 09/25 HH 90           3029 WESTERN BLVRALEIGH     NC 145839",47.83,,Posted,5414.82
"XXXXXX9750",9/25/2023,,"VENMO PAYMENT *********4361",170.00,,Posted,5462.65
"XXXXXX9750",9/25/2023,,"VENMO PAYMENT *********2639",70.00,,Posted,5632.65
"XXXXXX9750",9/25/2023,,"VENMO PAYMENT *********0465",40.00,,Posted,5702.65
"XXXXXX9750",9/25/2023,,"PURCHASE 09/23 PETCO 2719      PETCO 2719      DURHAM      NC 108143",24.70,,Posted,5742.65
"XXXXXX9750",9/25/2023,,"PURCHASE 09/23 CVS/PHARMACY #1 10682--3001 HILLSBRALEIGH NC   310682",3.38,,Posted,5767.35
"XXXXXX9750",9/18/2023,,"VENMO PAYMENT *********1770",223.00,,Posted,5770.73
"XXXXXX9750",9/18/2023,,"VENMO PAYMENT *********9670",18.00,,Posted,5993.73
"XXXXXX9750",9/15/2023,,"CREE INC DIRECT DEP **********198L3",,971.34,Posted,6011.73
"XXXXXX9750",9/13/2023,,"PURCHASE 09/12 AKARI EXPRESS   2109 AVENT FERRY RRALEIGH NC   094782",14.63,,Posted,5040.39
"XXXXXX9750",9/5/2023,,"VENMO PAYMENT *********2377",50.00,,Posted,5055.02
"XXXXXX9750",8/31/2023,,"FCB FUNDS TRANSFER FROM  X2504",,40.00,Posted,5105.02
"XXXXXX9750",8/30/2023,,"FCB FUNDS TRANSFER TO  X2504",100.00,,Posted,5065.02
"XXXXXX9750",8/29/2023,,"Customer Deposit",,100.00,Posted,5165.02
"XXXXXX9750",8/28/2023,,"VENMO PAYMENT *********6587",13.00,,Posted,5065.02
"XXXXXX9750",8/21/2023,,"VENMO PAYMENT *********8675",34.00,,Posted,5078.02
"XXXXXX9750",8/21/2023,,"VENMO PAYMENT *********5135",13.00,,Posted,5112.02
"XXXXXX9750",8/18/2023,,"CREE INC DIRECT DEP **********498L3",,1300.67,Posted,5125.02
"XXXXXX9750",8/16/2023,,"VENMO PAYMENT *********7293",210.00,,Posted,3824.35
"XXXXXX9750",8/10/2023,,"VENMO PAYMENT *********4273",58.00,,Posted,4034.35
"XXXXXX9750",8/8/2023,,"FID BKG SVC LLC MONEYLINE Z******6815TXHN",3000.00,,Posted,4092.35
"XXXXXX9750",8/7/2023,,"VENMO PAYMENT *********9260",67.00,,Posted,7092.35
"XXXXXX9750",8/4/2023,,"CREE INC DIRECT DEP **********778L3",,1029.35,Posted,7159.35
"XXXXXX9750",8/3/2023,,"VENMO PAYMENT *********5105",168.00,,Posted,6130.00
"XXXXXX9750",7/31/2023,,"FCB FUNDS TRANSFER FROM  X2504",,40.00,Posted,6298.00
"XXXXXX9750",7/21/2023,,"CREE INC DIRECT DEP **********338L3",,1335.07,Posted,6258.00
"XXXXXX9750",7/17/2023,,"VENMO PAYMENT *********9138",15.00,,Posted,4922.93
"XXXXXX9750",7/10/2023,,"VENMO PAYMENT *********4811",10.00,,Posted,4937.93
"XXXXXX9750",7/7/2023,,"FCB FUNDS TRANSFER TO  X2504",233.10,,Posted,4947.93
"XXXXXX9750",7/7/2023,,"CREE INC DIRECT DEP **********188L3",,1364.57,Posted,5181.03
"XXXXXX9750",6/30/2023,,"CREE INC DIRECT DEP **********578L3",,1288.53,Posted,3816.46
"XXXXXX9750",6/30/2023,,"FCB FUNDS TRANSFER FROM  X2504",,40.00,Posted,2527.93
"XXXXXX9750",6/12/2023,,"CREE INC DIRECT DEP **********658L3",,1351.00,Posted,2487.93
"XXXXXX9750",5/31/2023,,"FCB FUNDS TRANSFER FROM  X2504",,40.00,Posted,1136.93
"XXXXXX9750",5/1/2023,,"FCB FUNDS TRANSFER FROM  X2504",,40.00,Posted,1096.93
"XXXXXX9750",3/31/2023,,"FCB FUNDS TRANSFER FROM  X2504",,40.00,Posted,1056.93
"XXXXXX9750",2/28/2023,,"FCB FUNDS TRANSFER FROM  X2504",,40.00,Posted,1016.93
"XXXXXX9750",2/9/2023,,"Customer Deposit",,120.24,Posted,976.93
"XXXXXX9750",1/31/2023,,"FCB FUNDS TRANSFER FROM  X2504",,40.00,Posted,856.69
"XXXXXX9750",1/6/2023,,"FCB FUNDS TRANSFER FROM  X2504",,250.00,Posted,816.69
"XXXXXX9750",1/4/2023,,"FCB FUNDS TRANSFER TO  X2504",13.00,,Posted,566.69
"XXXXXX9750",1/3/2023,,"FCB FUNDS TRANSFER FROM  X2504",,40.00,Posted,579.69
"XXXXXX9750",12/1/2022,7003821333,"POS SIG 11/29 VISA #3333 BRC COUNSELING HTTPSWWW.BRCC VA",,5.00,Posted,539.69
"XXXXXX9750",11/30/2022,,"FCB FUNDS TRANSFER FROM  X2504",,40.00,Posted,534.69
"XXXXXX9750",11/25/2022,,"POS SIG 11/24 VISA #3333 BRC COUNSELING HTTPSWWW.BRCC VA",5.00,,Posted,494.69
"XXXXXX9750",11/23/2022,7003821333,"FDR DEBIT CARD VISA DEBIT FOREIGN TRANSACTION FEE COROWA DISTIL AU",,.28,Posted,499.69
"XXXXXX9750",11/23/2022,7003821333,"POS SIG 11/16 VISA #3333 COROWA DISTILLING CO COROWA AU",,13.85,Posted,499.41
"XXXXXX9750",11/14/2022,,"FDR DEBIT CARD VISA DEBIT FOREIGN TRANSACTION FEE COROWA DISTIL AU",.28,,Posted,485.56
"XXXXXX9750",11/14/2022,,"POS SIG 11/13 VISA #3333 COROWA DISTILLING CO COROWA AU",14.12,,Posted,485.84
"XXXXXX9750",11/8/2022,7003821333,"FDR DEBIT CARD VISA DEBIT FOREIGN TRANSACTION FEE MARGARET DABB GB",,.54,Posted,499.96
"XXXXXX9750",11/8/2022,7003821333,"POS SIG 11/07 VISA #3333 MARGARET DABBS LONDON GB",,27.03,Posted,499.42
"XXXXXX9750",11/7/2022,,"FDR DEBIT CARD VISA DEBIT FOREIGN TRANSACTION FEE MARGARET DABB GB",.55,,Posted,472.39
"XXXXXX9750",11/7/2022,,"POS SIG 11/07 VISA #3333 MARGARET DABBS LONDON GB",27.27,,Posted,472.94
"XXXXXX9750",11/4/2022,,"POS SIG 11/03 VISA #3333 WELLSPRING CHRISTIAN M WWW.WELLSPRIN FL",1.99,,Posted,500.21
"XXXXXX9750",10/31/2022,,"FCB FUNDS TRANSFER FROM  X2504",,40.00,Posted,502.20
"XXXXXX9750",10/26/2022,7003821333,"FDR DEBIT CARD VISA DEBIT FOREIGN TRANSACTION FEE MJCBOTANICAL AU",,.45,Posted,462.20
"XXXXXX9750",10/26/2022,,"FDR DEBIT CARD VISA DEBIT FOREIGN TRANSACTION FEE THE AGRESTIC AU",.35,,Posted,461.75
"XXXXXX9750",10/26/2022,7003821333,"POS SIG 10/24 VISA #3333 MJCBOTANICAL SOUTH BRISBAN AU",,22.32,Posted,462.10
"XXXXXX9750",10/26/2022,,"POS SIG 10/25 VISA #3333 THE AGRESTIC GROCER ORANGE AU",17.65,,Posted,439.78
"XXXXXX9750",10/19/2022,7003821333,"FDR DEBIT CARD VISA DEBIT FOREIGN TRANSACTION FEE COCREA.CA CD",,.33,Posted,457.43
"XXXXXX9750",10/19/2022,7003821333,"POS SIG 10/18 VISA #3333 COCREA.CA MONTREAL CD",,16.65,Posted,457.10
"XXXXXX9750",10/11/2022,,"FDR DEBIT CARD VISA DEBIT FOREIGN TRANSACTION FEE COCREA.CA CD",.34,,Posted,440.45
"XXXXXX9750",10/11/2022,,"POS SIG 10/09 VISA #3333 COCREA.CA MONTREAL CD",16.82,,Posted,440.79
"XXXXXX9750",10/4/2022,,"FDR DEBIT CARD VISA DEBIT FOREIGN TRANSACTION FEE MJCBOTANICAL AU",.46,,Posted,457.61
"XXXXXX9750",10/4/2022,,"POS SIG 10/03 VISA #3333 MJCBOTANICAL SOUTH BRISBAN AU",23.13,,Posted,458.07
"XXXXXX9750",9/30/2022,,"FCB FUNDS TRANSFER FROM  X2504",,40.00,Posted,481.20
"XXXXXX9750",9/28/2022,7003821333,"FDR DEBIT CARD VISA DEBIT FOREIGN TRANSACTION FEE ENCRE VAUDREU CD",,.19,Posted,441.20
"XXXXXX9750",9/28/2022,7003821333,"POS SIG 09/27 VISA #3333 ENCRE VAUDREUIL VAUDREUIL-DOR CD",,9.48,Posted,441.01
"XXXXXX9750",9/26/2022,,"FDR DEBIT CARD VISA DEBIT FOREIGN TRANSACTION FEE ENCRE VAUDREU CD",.19,,Posted,431.53
"XXXXXX9750",9/26/2022,,"POS SIG 09/25 VISA #3333 ENCRE VAUDREUIL VAUDREUIL-DOR CD",9.70,,Posted,431.72
"XXXXXX9750",8/31/2022,,"FCB FUNDS TRANSFER FROM  X2504",,40.00,Posted,441.42
"XXXXXX9750",8/29/2022,,"POS SIG 08/26 VISA #3333 ZAXBY'S #66301 RALEIGH GA",15.13,,Posted,401.42
"XXXXXX9750",8/23/2022,,"PURCHASE 08/22 Wal-Mart Super  1372 WAL-SAMS   RALEIGH     NC 137200",27.66,,Posted,416.55
"XXXXXX9750",8/22/2022,,"POS SIG 08/18 VISA #3333 ZAXBY'S #66301 RALEIGH GA",9.95,,Posted,444.21
"XXXXXX9750",8/9/2022,,"PURCHASE 08/08 THE HOME DEPOT  THE HOME DEPOT #DURHAM      NC 062125",75.14,,Posted,454.16
"XXXXXX9750",8/1/2022,,"FCB FUNDS TRANSFER FROM  X2504",,40.00,Posted,529.30
"XXXXXX9750",7/25/2022,,"100490126       FOREIGN TRAN FEE  DRID         004901",3.18,,Posted,489.30
"XXXXXX9750",7/25/2022,,"100490126       100490126       MADRID         004901",113.94,,Posted,492.48
"XXXXXX9750",7/14/2022,,"FCB FUNDS TRANSFER FROM  X2504",,200.00,Posted,606.42
"XXXXXX9750",6/30/2022,,"FCB FUNDS TRANSFER FROM  X2504",,40.00,Posted,406.42
"XXXXXX9750",5/31/2022,,"FCB FUNDS TRANSFER FROM  X2504",,40.00,Posted,366.42
"XXXXXX9750",5/2/2022,,"FCB FUNDS TRANSFER FROM  X2504",,40.00,Posted,326.42
"XXXXXX9750",4/27/2022,,"FIRST CITIZENS  7101 FAYETTEVILLDURHAM      NC A430",100.00,,Posted,286.42
"XXXXXX9750",3/31/2022,,"FCB FUNDS TRANSFER FROM  X2504",,40.00,Posted,386.42
"XXXXXX9750",2/28/2022,,"FCB FUNDS TRANSFER FROM  X2504",,40.00,Posted,346.42
"XXXXXX9750",2/4/2022,,"PURCHASE 02/04 FOOD LION #1608 FOOD LION #1608 CHAPEL HILL NC 001",9.16,,Posted,306.42
"XXXXXX9750",1/31/2022,,"POS SIG 01/29 VISA #3333 DAVIDS DUMPLING &amp; NOOD RALEIGH NC",48.00,,Posted,315.58
"XXXXXX9750",1/31/2022,,"FCB FUNDS TRANSFER FROM  X2504",,40.00,Posted,363.58
"XXXXXX9750",1/18/2022,,"POS SIG 01/15 VISA #3333 DAVIDS DUMPLING &amp; NOOD RALEIGH NC",55.48,,Posted,323.58
"XXXXXX9750",12/31/2021,,"FCB FUNDS TRANSFER FROM  X2504",,40.00,Posted,379.06
"XXXXXX9750",11/30/2021,,"FCB FUNDS TRANSFER FROM  X2504",,40.00,Posted,339.06
"XXXXXX9750",11/1/2021,,"FCB FUNDS TRANSFER FROM  X2504",,40.00,Posted,299.06
"XXXXXX9750",9/1/2021,,"FCB FUNDS TRANSFER FROM  X2504",,40.00,Posted,259.06
"XXXXXX9750",8/16/2021,,"FCB FUNDS TRANSFER TO  X8578",800.00,,Posted,219.06
"XXXXXX9750",8/2/2021,,"FCB FUNDS TRANSFER FROM  X2504",,40.00,Posted,1019.06
"XXXXXX9750",7/16/2021,,"POS SIG 07/14 VISA #3333 CHICK-FIL-A #03490 DURHAM NC",9.30,,Posted,979.06
"XXXXXX9750",7/13/2021,,"PURCHASE 07/13 PETCO 2719      PETCO 2719      DURHAM      NC 108143",10.74,,Posted,988.36
"XXXXXX9750",7/13/2021,,"PURCHASE 07/13 TARGET T-2069   8210 RENAISSANCE PDURHAM NC    220691",2.54,,Posted,999.10
"XXXXXX9750",7/1/2021,,"FCB FUNDS TRANSFER FROM  X2504",,40.00,Posted,1001.64
"XXXXXX9750",6/25/2021,,"POS SIG 06/23 VISA #3333 APPLEBEES 757600275768 WAVERLY IA",20.00,,Posted,961.64
"XXXXXX9750",6/22/2021,,"POS SIG 06/20 VISA #3333 JACK'S FISH SPOT SEATTLE WA",24.70,,Posted,981.64
"XXXXXX9750",6/21/2021,,"POS SIG 06/17 VISA #3333 SQ *HIGHLANDER Portland OR",40.00,,Posted,1006.34
"XXXXXX9750",6/21/2021,,"POS SIG 06/19 VISA #3333 TST* MECONI S SUBS - O OLYMPIA WA",21.50,,Posted,1046.34
"XXXXXX9750",6/21/2021,,"POS SIG 06/17 VISA #3333 CHICK-FIL-A #04048 BEAVERTON OR",10.79,,Posted,1067.84
"XXXXXX9750",6/21/2021,,"POS SIG 06/20 VISA #3333 SQ *CHOCOLATE &amp; ICE CR Seattle WA",10.51,,Posted,1078.63
"XXXXXX9750",6/21/2021,,"POS SIG 06/20 VISA #3333 SQ *MOLLY MOON'S QUEEN seattle WA",10.20,,Posted,1089.14
"XXXXXX9750",6/21/2021,,"POS SIG 06/19 VISA #3333 RAINIER BASECAMP BAR A ASHFORD WA",10.02,,Posted,1099.34
"XXXXXX9750",6/21/2021,,"POS SIG 06/17 VISA #3333 CHICK-FIL-A #04048 BEAVERTON OR",6.29,,Posted,1109.36
"XXXXXX9750",6/18/2021,,"POS SIG 06/17 VISA #3333 CKE*CHARLIES MOUNTAI 8 GOVERNMENT CA OR",17.75,,Posted,1115.65
"XXXXXX9750",6/18/2021,,"PURCHASE 06/17 POWELL'S BURNSI 1005 W BURNSIDE PORTLAND OR    00B211",9.98,,Posted,1133.40
"XXXXXX9750",6/17/2021,,"POS SIG 06/16 VISA #3333 SUSHI MIOGA PORTLAND OR",21.79,,Posted,1143.38
"XXXXXX9750",6/15/2021,,"POS SIG 06/13 VISA #3333 MOTEL 6 #8735 GRESHAM OR",94.29,,Posted,1165.17
"XXXXXX9750",6/15/2021,,"POS SIG 06/14 VISA #3333 PIZZICATO FOREST HEIGH PORTLAND OR",19.00,,Posted,1259.46
"XXXXXX9750",6/14/2021,,"PURCHASE 06/13 BEST BUY      0 63455 N HIGHWAY 97BEND OR      065783",69.98,,Posted,1278.46
"XXXXXX9750",6/14/2021,,"POS SIG 06/11 VISA #3333 LOREE`S CHALET RESTAUR CHEMULT OR",65.00,,Posted,1348.44
"XXXXXX9750",6/14/2021,,"POS SIG 06/12 VISA #3333 LOREE`S CHALET RESTAUR CHEMULT OR",30.50,,Posted,1413.44
"XXXXXX9750",6/14/2021,,"POS SIG 06/11 VISA #3333 BWW 3657 SPRINGFIELD SPRINGFIELD OR",21.00,,Posted,1443.94
"XXXXXX9750",6/14/2021,,"PURCHASE 06/12 DIAMOND LAKE RE DIAMOND LAKE RESDIAMOND LAKEOR 691284",13.50,,Posted,1464.94
"XXXXXX9750",6/14/2021,,"POS SIG 06/11 VISA #3333 BLUE WATER CAFE &amp; LOUN BROOKINGS OR",12.50,,Posted,1478.44
"XXXXXX9750",6/14/2021,,"POS SIG 06/11 VISA #3333 LUCKY 7 FUEL MART SMITH RIVER CA",3.24,,Posted,1490.94
"XXXXXX9750",6/11/2021,,"PURCHASE 06/11 Wal-Mart Super  1910 WAL-SAMS   CRESCENT CITCA 191000",12.72,,Posted,1494.18
"XXXXXX9750",6/10/2021,,"PURCHASE 06/10 WAL-MART #1910  900 E WASHINGTONCRESCENT CITCA 241910",5.28,,Posted,1506.90
"XXXXXX9750",6/9/2021,,"POS SIG 06/08 VISA #3333 JENNYS GIANT BURGER FORT BRAGG CA",15.62,,Posted,1512.18
"XXXXXX9750",6/9/2021,,"POS SIG 06/08 VISA #3333 GHIRARDELLI #101 GCM SAN FRANCISCO CA",14.61,,Posted,1527.80
"XXXXXX9750",6/9/2021,,"POS SIG 06/08 VISA #3333 GOLDEN BAGEL NAPA CA",6.51,,Posted,1542.41
"XXXXXX9750",6/8/2021,,"PURCHASE 06/07 THE HOME DEPOT  THE HOME DEPOT #NAPA        CA 062751",20.13,,Posted,1548.92
"XXXXXX9750",6/8/2021,,"PURCHASE 06/08 THE HOME DEPOT  THE HOME DEPOT #NAPA        CA 062752",9.28,,Posted,1569.05
"XXXXXX9750",6/7/2021,,"Mobile Check Deposit",,1309.56,Posted,1578.33
"XXXXXX9750",6/7/2021,,"POS SIG 06/04 VISA #3333 GRACE LAND SAN FRANCISCO CA",24.94,,Posted,268.77
"XXXXXX9750",6/7/2021,,"POS SIG 06/04 VISA #3333 CITY SUPER SAN FRANCISCO CA",11.60,,Posted,293.71
"XXXXXX9750",6/7/2021,,"FCB FUNDS TRANSFER FROM  X8578",,250.00,Posted,305.31
"XXXXXX9750",6/4/2021,,"PURCHASE 06/03 THE HOME DEPOT  THE HOME DEPOT #NAPA        CA 059609",142.10,,Posted,55.31
"XXXXXX9750",6/4/2021,,"POS SIG 06/03 VISA #3333 SQ *ROCKZILLA CLIMB NAPA CA",40.00,,Posted,197.41
"XXXXXX9750",6/3/2021,,"POS SIG 06/01 VISA #3333 YOBELLE NAPA CA",5.44,,Posted,237.41
"XXXXXX9750",6/2/2021,,"POS SIG 05/31 VISA #3333 CENTURY THEATRES 1003 NAPA CA",27.50,,Posted,242.85
"XXXXXX9750",6/1/2021,,"POS SIG 05/27 VISA #3333 MOTEL 6 #8849 BARSTOW CA",79.86,,Posted,270.35
"XXXXXX9750",6/1/2021,,"POS SIG 05/27 VISA #3333 NATIONAL MUSEUM OF NUC ALBUQUERQUE NM",30.00,,Posted,350.21
"XXXXXX9750",6/1/2021,,"POS SIG 05/28 VISA #3333 DUCKIES CAYUCOS CA",22.52,,Posted,380.21
"XXXXXX9750",6/1/2021,,"POS SIG 05/30 VISA #3333 SQ *VENGA EMPANADAS San Francisco CA",10.69,,Posted,402.73
"XXXXXX9750",6/1/2021,,"POS SIG 05/29 VISA #3333 SQ *SCOOP MICROCREAMER Palo Alto CA",9.85,,Posted,413.42
"XXXXXX9750",6/1/2021,,"POS SIG 05/31 VISA #3333 PANDA EXPRESS #427 NAPA CA",9.05,,Posted,423.27
"XXXXXX9750",6/1/2021,,"FCB FUNDS TRANSFER FROM  X2504",,40.00,Posted,432.32
"XXXXXX9750",5/28/2021,,"POS SIG 05/26 VISA #3333 MOTEL 6 9225 ALBUQUERQUE NM",62.04,,Posted,392.32
"XXXXXX9750",5/28/2021,,"POS SIG 05/26 VISA #3333 WIENERSCHNITZEL 729 LUBBOCK TX",14.48,,Posted,454.36
"XXXXXX9750",5/27/2021,,"POS SIG 05/25 VISA #3333 WINGSTOP-STORE #16 WEST MONROE LA",6.63,,Posted,468.84
"XXXXXX9750",5/25/2021,,"PURCHASE 05/24 ALDI 70028      ALDI 70028      TUSCALOOSA  AL 299279",71.99,,Posted,475.47
"XXXXXX9750",5/25/2021,,"PURCHASE 05/24 TARGET T-1787   1901 13TH AVE E TUSCALOOSA AL  217871",13.51,,Posted,547.46
"XXXXXX9750",5/25/2021,,"POS SIG 05/25 VISA #3333 Subway 27062 Tuscaloosa AL",9.12,,Posted,560.97
"XXXXXX9750",5/24/2021,,"FCB FUNDS TRANSFER FROM  X8578",,500.00,Posted,570.09
"XXXXXX9750",5/10/2021,,"POS SIG 05/07 VISA #3333 JERSEY MIKES 3052 GREENSBORO NC",88.12,,Posted,70.09
"XXXXXX9750",5/10/2021,,"PURCHASE 05/09 SHEETZ 0589     SHEETZ 0589     GARNER      NC 296222",11.40,,Posted,158.21
"XXXXXX9750",5/6/2021,,"PURCHASE 05/06 SHERWIN WILLIAM SHERWIN WILLIAMSCHAPEL HILL NC 078521",50.39,,Posted,169.61
"XXXXXX9750",5/6/2021,,"PURCHASE 05/06 BIG JOHN'S MEAD BIG JOHN'S MEADOCHAPEL HILL NC 401838",30.00,,Posted,220.00
"XXXXXX9750",5/6/2021,,"FCB FUNDS TRANSFER FROM  X2504",,150.00,Posted,250.00
"XXXXXX9750",5/5/2021,,"PURCHASE 05/04 SHELL SERVICE S SHELL SERVICE STCHAPEL HILL NC 886764",38.91,,Posted,100.00
"XXXXXX9750",5/5/2021,,"PURCHASE 05/05 SHELL SERVICE S SHELL SERVICE STCHAPEL HILL NC 886764",24.35,,Posted,138.91
"XXXXXX9750",5/5/2021,,"FCB FUNDS TRANSFER FROM  X8578",,100.00,Posted,163.26
"XXXXXX9750",5/3/2021,,"FCB FUNDS TRANSFER FROM  X2504",,40.00,Posted,63.26
"XXXXXX9750",4/30/2021,,"FCB FUNDS TRANSFER FROM  X2504",,20.00,Posted,23.26
"XXXXXX9750",4/23/2021,,"POS SIG 04/22 VISA #3333 ASU PARKING AND TRAFFI BOONE NC",4.00,,Posted,3.26
"XXXXXX9750",4/15/2021,,"POS SIG 04/14 VISA #3333 SURF N SPRAY SWEETS DANIA FL",4.55,,Posted,7.26
"XXXXXX9750",4/13/2021,,"FCB FUNDS TRANSFER FROM  X8578",,150.00,Posted,11.81
"XXXXXX9750",4/5/2021,,"PURCHASE 04/05 BEST BUY #160   5454 NEW HOPE CODURHAM      NC 065833",182.72,,Posted,-138.19
"XXXXXX9750",4/1/2021,,"PURCHASE 03/31 BIG JOHN'S MEAD BIG JOHN'S MEADOCHAPEL HILL NC 401838",40.00,,Posted,44.53
"XXXXXX9750",4/1/2021,,"FCB FUNDS TRANSFER FROM  X2504",,40.00,Posted,84.53
"XXXXXX9750",3/29/2021,,"FDR DEBIT CARD VISA DEBIT FOREIGN TRANSACTION FEE AMERICAN AIR0 AV",1.30,,Posted,44.53
"XXXXXX9750",3/29/2021,,"PURCHASE 03/29 THE HOME DEPOT  THE HOME DEPOT #DURHAM      NC 062126",199.05,,Posted,45.83
"XXXXXX9750",3/29/2021,,"POS SIG 03/26 VISA #3333 AMERICAN AIR0010266310 BUENOS AIRES AV",65.00,,Posted,244.88
"XXXXXX9750",3/29/2021,,"FCB FUNDS TRANSFER FROM  X2504",,200.00,Posted,309.88
"XXXXXX9750",3/1/2021,,"FCB FUNDS TRANSFER FROM  X2504",,40.00,Posted,109.88
"XXXXXX9750",2/17/2021,,"FDR DEBIT CARD VISA DEBIT FOREIGN TRANSACTION FEE CENTRAL DE AL AV",.54,,Posted,69.88
"XXXXXX9750",2/17/2021,,"POS SIG 02/16 VISA #3333 CENTRAL DE ALIMENTOS GENERAL PACHE AV",27.11,,Posted,70.42
"XXXXXX9750",2/1/2021,,"FCB FUNDS TRANSFER FROM  X2504",,40.00,Posted,97.53
"XXXXXX9750",1/29/2021,,"FDR DEBIT CARD VISA DEBIT FOREIGN TRANSACTION FEE PAN CON CHOCO AV",.41,,Posted,57.53
"XXXXXX9750",1/29/2021,,"POS SIG 01/27 VISA #3333 PAN CON CHOCOLATE SAN M DE LOS AV",20.68,,Posted,57.94
"XXXXXX9750",1/4/2021,,"FCB FUNDS TRANSFER FROM  X2504",,40.00,Posted,78.62
"XXXXXX9750",12/30/2020,,"POS SIG 12/28 VISA #3333 ZAXBY'S #68303 DURHAM NC",21.74,,Posted,38.62
"XXXXXX9750",12/29/2020,,"POS SIG 12/28 VISA #3333 SQ *BISCUITVILLE 160 Durham NC",10.18,,Posted,60.36
"XXXXXX9750",12/3/2020,,"POS SIG 12/01 VISA #3333 BLAZE PIZZA #1145 DURHAM NC",9.75,,Posted,70.54
"XXXXXX9750",12/1/2020,,"FCB FUNDS TRANSFER FROM  X2504",,40.00,Posted,80.29
"XXXXXX9750",11/2/2020,,"FCB FUNDS TRANSFER FROM  X2504",,40.00,Posted,40.29
"XXXXXX9750",10/26/2020,,"POS SIG 10/23 VISA #3333 BOJANGLES 9 DURHAM NC",9.08,,Posted,.29
"XXXXXX9750",10/22/2020,,"PURCHASE 10/22 TARGET T-2069 8 TARGET T-2069 82DURHAM      NC 999999",3.57,,Posted,9.37
"XXXXXX9750",10/19/2020,,"POS SIG 10/17 VISA #3333 ETHE GUYS PLACE A HAIR DURHAM NC",25.75,,Posted,12.94
"XXXXXX9750",10/19/2020,,"PURCHASE 10/18 THE HOME DEPOT  THE HOME DEPOT #DURHAM      NC 062126",17.00,,Posted,38.69
"XXXXXX9750",10/19/2020,,"PURCHASE 10/17 THE HOME DEPOT  THE HOME DEPOT #DURHAM      NC 062126",16.28,,Posted,55.69
"XXXXXX9750",10/16/2020,,"PURCHASE 10/16 THE HOME DEPOT  THE HOME DEPOT #DURHAM      NC 062126",16.48,,Posted,71.97
"XXXXXX9750",10/15/2020,,"PURCHASE 10/15 LOWE'S #487     1801 FORDHAM BOULECHAPEL HILL  001",47.89,,Posted,88.45
"XXXXXX9750",10/15/2020,,"PURCHASE 10/15 THE HOME DEPOT  THE HOME DEPOT #DURHAM      NC 062126",41.33,,Posted,136.34
"XXXXXX9750",10/14/2020,,"FCB FUNDS TRANSFER TO  X8578",2500.00,,Posted,177.67
"XXXXXX9750",10/13/2020,,"POS SIG 10/10 VISA #3333 ITS ABOUT ROCKS LLC HOT SPRINGS AR",109.63,,Posted,2677.67
"XXXXXX9750",10/13/2020,,"POS SIG 10/10 VISA #3333 THE BAR-BQ SHOP MEMPHIS TN",63.00,,Posted,2787.30
"XXXXXX9750",10/13/2020,,"POS SIG 10/09 VISA #3333 GRANNY'S KITCHEN STILLWATER OK",12.00,,Posted,2850.30
"XXXXXX9750",10/9/2020,,"POS SIG 10/07 VISA #3333 BOULDER ROCK CLUB BOULDER CO",21.00,,Posted,2862.30
"XXXXXX9750",10/8/2020,,"POS SIG 10/07 VISA #3333 TST* SOUTH MOUTH WINGS BOULDER CO",17.98,,Posted,2883.30
"XXXXXX9750",10/8/2020,,"POS SIG 10/07 VISA #3333 SNOOZE BOULDER CO",12.00,,Posted,2901.28
"XXXXXX9750",10/8/2020,,"PURCHASE 10/08 ACE HDWR UINTAH 1830 W UINTAH ST SCOLORADO SPR 037907",8.65,,Posted,2913.28
"XXXXXX9750",10/8/2020,,"POS SIG 10/06 VISA #3333 ARAMARK PIKES PEAK COLORADO SPGS CO",3.14,,Posted,2921.93
"XXXXXX9750",10/7/2020,,"POS SIG 10/05 VISA #3333 SPORT CLIMBING CENTER COLORADO SPRI CO",13.00,,Posted,2925.07
"XXXXXX9750",10/6/2020,,"POS SIG 10/05 VISA #3333 ARBY'S 5010021 COLORADO SPRI CO",9.94,,Posted,2938.07
"XXXXXX9750",10/6/2020,,"POS SIG 10/05 VISA #3333 ARBY'S 5010021 COLORADO SPRI CO",4.21,,Posted,2948.01
"XXXXXX9750",10/5/2020,,"POS SIG 10/04 VISA #3333 HIGH PIE PIZZERIA &amp; TA TELLURIDE CO",26.00,,Posted,2952.22
"XXXXXX9750",10/5/2020,,"POS SIG 10/02 VISA #3333 TIMBERLINE DELI OURAY CO",16.85,,Posted,2978.22
"XXXXXX9750",10/5/2020,,"POS SIG 10/02 VISA #3333 MOUSES CHOCOLATES INC OURAY CO",7.02,,Posted,2995.07
"XXXXXX9750",10/2/2020,,"POS SIG 09/30 VISA #3333 THE SPOKE ON CENTER MOAB UT",20.00,,Posted,3002.09
"XXXXXX9750",10/1/2020,,"PURCHASE 10/01 CITY-MARKET #04 CITY-MARKET #041MOAB        UT 999999",52.55,,Posted,3022.09
"XXXXXX9750",10/1/2020,,"PURCHASE 10/01 VILLAGE MARKET  VILLAGE MARKET  MOAB        UT 209217",21.01,,Posted,3074.64
"XXXXXX9750",10/1/2020,,"FCB FUNDS TRANSFER FROM  X2504",,40.00,Posted,3095.65
"XXXXXX9750",9/30/2020,,"POS SIG 09/28 VISA #3333 MOAB COFFEE ROASTERS MOAB UT",11.08,,Posted,3055.65
"XXXXXX9750",9/30/2020,,"POS SIG 09/28 VISA #3333 MOAB COFFEE ROASTERS MOAB UT",5.38,,Posted,3066.73
"XXXXXX9750",9/29/2020,,"POS SIG 09/27 VISA #3333 CAPITOL REEF NATURAL H TORREY UT",6.90,,Posted,3072.11
"XXXXXX9750",9/28/2020,,"PURCHASE 09/27 CITY-MARKET #04 4250 S. MAIN MOAB UT           110410",12.33,,Posted,3079.01
"XXXXXX9750",9/28/2020,,"POS SIG 09/26 VISA #3333 SUBWAY 00149138 TORREY UT",10.36,,Posted,3091.34
"XXXXXX9750",9/28/2020,,"POS SIG 09/25 VISA #3333 BRYCE CANYON CAMPER ST BRYCE UT",6.00,,Posted,3101.70
"XXXXXX9750",9/28/2020,,"PURCHASE 09/27 CHEVRON/ARCHVIE CHEVRON/ARCHVIEWMOAB        UT 100418",3.00,,Posted,3107.70
"XXXXXX9750",9/23/2020,,"POS SIG 09/21 VISA #3333 SOUTH RIM GENERAL STOR GRAND CANYON AZ",9.09,,Posted,3110.70
"XXXXXX9750",9/23/2020,,"POS SIG 09/21 VISA #3333 SOUTH RIM GENERAL STOR GRAND CANYON AZ",4.29,,Posted,3119.79
"XXXXXX9750",9/21/2020,,"POS SIG 09/18 VISA #3333 SEDONA PIZZA COMPANYS SEDONA AZ",15.87,,Posted,3124.08
"XXXXXX9750",9/21/2020,,"POS SIG 09/18 VISA #3333 THEIAS SEDONA AZ",7.45,,Posted,3139.95
"XXXXXX9750",9/18/2020,,"POS SIG 09/16 VISA #3333 BUCK THORNTON`S WORLD SEDONA AZ",22.98,,Posted,3147.40
"XXXXXX9750",9/17/2020,,"POS SIG 09/16 VISA #3333 OAXACA RESTAURANT SEDONA AZ",45.85,,Posted,3170.38
"XXXXXX9750",9/14/2020,42751646,"Customer Deposit",,150.00,Posted,3216.23
"XXXXXX9750",9/14/2020,,"POS SIG 09/12 VISA #3333 SUSHI ROSE RENO NV",25.93,,Posted,3066.23
"XXXXXX9750",9/14/2020,,"PURCHASE 09/12 902 HORIZON MAR 902 HORIZON MARKPAHRUMP     NV 999999",25.60,,Posted,3092.16
"XXXXXX9750",9/9/2020,,"POS SIG 09/07 VISA #3333 BLUE HERON FRENCH CH TILLAMOOK OR",31.80,,Posted,3117.76
"XXXXXX9750",9/9/2020,,"PURCHASE 09/09 Redwood Parks C REDWOOD PARKS COORICK       CA 000100",21.00,,Posted,3149.56
"XXXXXX9750",9/9/2020,,"FCB FUNDS TRANSFER FROM  X8578",,3000.00,Posted,3170.56
"XXXXXX9750",9/8/2020,,"PURCHASE 09/06 SAFEWAY #2448   SAFEWAY #2448   PORTLAND    OR 459107",38.30,,Posted,170.56
"XXXXXX9750",9/8/2020,,"POS SIG 09/06 VISA #3333 SQ *LET'S ROLL PORTLAND OR",30.68,,Posted,208.86
"XXXXXX9750",9/8/2020,,"POS SIG 09/06 VISA #3333 MULTNOMAH FALLS LODGE 503-6952376 OR",11.00,,Posted,239.54
"XXXXXX9750",9/8/2020,,"POS SIG 09/06 VISA #3333 MULTNOMAH FALLS BRIDAL VEIL OR",.75,,Posted,250.54
"XXXXXX9750",9/8/2020,,"POS SIG 09/06 VISA #3333 CITY OF PORTLAND DEPT PORTLAND OR",.50,,Posted,251.29
"XXXXXX9750",9/4/2020,,"PURCHASE 09/03 COUNTRY AIRE NA 200 W FIRST ST PORT ANGELES WA 466274",12.88,,Posted,251.79
"XXXXXX9750",9/3/2020,,"POS SIG 09/01 VISA #3333 LONE PINE FRUIT ORONDO WA",4.10,,Posted,264.67
"XXXXXX9750",9/2/2020,,"POS SIG 09/01 VISA #3333 THE SOUP CELLAR LEAVENWORTH WA",22.46,,Posted,268.77
"XXXXXX9750",9/2/2020,,"POS SIG 09/01 VISA #3333 CASCADES OUTDOOR STORE WINTHROP WA",12.99,,Posted,291.23
"XXXXXX9750",9/1/2020,,"FCB FUNDS TRANSFER FROM  X2504",,40.00,Posted,304.22
"XXXXXX9750",8/31/2020,,"PURCHASE 08/30 SAFEWAY #3120   SAFEWAY #3120   BURIEN      WA 458266",67.60,,Posted,264.22
"XXXXXX9750",8/21/2020,,"POS SIG 08/20 VISA #3333 BOJANGLES 8 RALEIGH NC",11.37,,Posted,331.82
"XXXXXX9750",8/17/2020,,"POS SIG 08/15 VISA #3333 MIKES BITES BALD HEAD ISL NC",5.00,,Posted,343.19
"XXXXXX9750",8/3/2020,,"FCB FUNDS TRANSFER FROM  X2504",,40.00,Posted,348.19
"XXXXXX9750",7/1/2020,,"FCB FUNDS TRANSFER FROM  X2504",,40.00,Posted,308.19
"XXXXXX9750",6/10/2020,,"POS SIG 06/09 VISA #3333 MIKES BITES BALD HEAD ISL NC",12.00,,Posted,268.19
"XXXXXX9750",6/10/2020,,"PURCHASE 06/09 BP#8273278CIRCL 1130 N HOWE ST SOUTHPORT NC    392533",1.06,,Posted,280.19
"XXXXXX9750",6/1/2020,,"FCB FUNDS TRANSFER FROM  X2504",,40.00,Posted,281.25
"XXXXXX9750",5/20/2020,46911820,"Customer Deposit",,100.00,Posted,241.25
"XXXXXX9750",5/1/2020,,"FCB FUNDS TRANSFER FROM  X2504",,40.00,Posted,141.25
"XXXXXX9750",4/1/2020,,"FIRST CITIZENS  TRANSFER        INTERNET       PCB",,40.00,Posted,101.25
"XXXXXX9750",3/2/2020,,"FIRST CITIZENS  TRANSFER        INTERNET       PCB",,40.00,Posted,61.25
"XXXXXX9750",2/13/2020,,"VISA #3333 BLAZE PIZZA #1145 DURHAM NC",8.87,,Posted,21.25
"XXXXXX9750",2/7/2020,,"VISA #3333 ZAXBYS 1132 DURHAM NC",17.18,,Posted,30.12
"XXXXXX9750",2/3/2020,,"FIRST CITIZENS  TRANSFER        INTERNET       PCB",,40.00,Posted,47.30
"XXXXXX9750",1/17/2020,,"VISA #3333 PANERA BREAD #601651 DURHAM NC",15.78,,Posted,7.30
"XXXXXX9750",1/10/2020,,"VISA #3333 PANERA BREAD #601652 ABERDEEN NC",14.10,,Posted,23.08
"XXXXXX9750",1/10/2020,,"VISA #3333 PANERA BREAD #601652 ABERDEEN NC",12.93,,Posted,37.18
"XXXXXX9750",1/8/2020,387356,"Miscellaneous Credit",,9.00,Posted,50.11
"XXXXXX9750",1/8/2020,,"VISA #3333 TALBERT BLDG SUPPLY DU DURHAM NC",8.59,,Posted,41.11
"XXXXXX9750",1/2/2020,,"FIRST CITIZENS  TRANSFER        INTERNET       PCB",,40.00,Posted,49.70
"XXXXXX9750",12/17/2019,,"Paper Statement Fee",3.00,,Posted,9.70
"XXXXXX9750",12/16/2019,,"VISA #3333 ZAXBYS 1132 DURHAM NC",18.25,,Posted,12.70
"XXXXXX9750",12/9/2019,,"VISA #3333 FREDDY'S 32-0001 DURHAM NC",10.42,,Posted,30.95
"XXXXXX9750",12/2/2019,,"FIRST CITIZENS  TRANSFER        INTERNET       PCB",,40.00,Posted,41.37
"XXXXXX9750",11/27/2019,,"IT'SUGAR        IT'SUGAR        DURHAM      NC 047846",27.93,,Posted,1.37
"XXXXXX9750",11/27/2019,,"HARRIS TEETER # 2110 S ESTES DR CHAPEL HILL NC 380117",11.78,,Posted,29.30
"XXXXXX9750",11/25/2019,,"LOWE'S #487     1801 FORDHAM BOULECHAPEL HILL  001",71.21,,Posted,41.08
"XXXXXX9750",11/19/2019,,"Paper Statement Fee",3.00,,Posted,112.29
"XXXXXX9750",11/19/2019,,"VISA #3333 SILVERSPOT CINEMA CHAP CHAPEL HILL NC",59.76,,Posted,115.29
"XXXXXX9750",11/15/2019,,"VISA #3333 PANERA BREAD #601652 ABERDEEN NC",10.15,,Posted,175.05
"XXXXXX9750",11/14/2019,,"TARGET T-1872 4 TARGET T-1872 40DURHAM      NC 999999",13.21,,Posted,185.20
"XXXXXX9750",11/8/2019,,"WAL-MART #2137  5450 NEW HOPE CODURHAM      NC 242137",21.24,,Posted,198.41
"XXXXXX9750",11/5/2019,,"VISA #3333 BOJANGLES 9 DURHAM NC",5.57,,Posted,219.65
"XXXXXX9750",11/1/2019,,"FIRST CITIZENS  TRANSFER        INTERNET       PCB",,40.00,Posted,225.22
"XXXXXX9750",10/24/2019,,"VISA #3333 BOJANGLES 9 DURHAM NC",3.64,,Posted,185.22
"XXXXXX9750",10/21/2019,,"VISA #3333 PANERA BREAD #601651 DURHAM NC",9.87,,Posted,188.86
"XXXXXX9750",10/18/2019,,"VISA #3333 PANERA BREAD #601651 DURHAM NC",12.77,,Posted,198.73
"XXXXXX9750",10/18/2019,,"VISA #3333 BOJANGLES 9 DURHAM NC",11.69,,Posted,211.50
"XXXXXX9750",10/17/2019,,"Paper Statement Fee",3.00,,Posted,223.19
"XXXXXX9750",10/10/2019,,"TARGET T-1872 4 TARGET T-1872 40DURHAM      NC 999999",4.61,,Posted,226.19
"XXXXXX9750",10/9/2019,,"AC MOORE STR #9 AC MOORE STR #90DURHAM      NC 032",10.73,,Posted,230.80
"XXXXXX9750",10/7/2019,,"VISA #3333 WENDYS 3237 00032375 ROCKY POINT NC",5.34,,Posted,241.53
"XXXXXX9750",10/1/2019,,"FIRST CITIZENS  TRANSFER        INTERNET       PCB",,40.00,Posted,246.87
"XXXXXX9750",9/30/2019,,"VISA #3333 CHICK-FIL-A #01963 RALEIGH NC",8.85,,Posted,206.87
"XXXXXX9750",9/24/2019,,"VISA #3333 BOJANGLES 9 DURHAM NC",3.64,,Posted,215.72
"XXXXXX9750",9/23/2019,,"VISA #3333 FIVE GUYS NC 0480 QSR CHARLOTTE NC",12.86,,Posted,219.36
"XXXXXX9750",9/17/2019,,"WENDYS #6344    1301 MEBANE OAKSMEBANE      NC 848380",7.78,,Posted,232.22
"XXXXXX9750",9/9/2019,,"FIRST CITIZENS  TRANSFER        INTERNET       PCB",,200.00,Posted,240.00
"XXXXXX9750",9/9/2019,,"FIRST CITIZENS  TRANSFER        INTERNET       PCB",,40.00,Posted,40.00